%YAML 1.1
%TAG !u! tag:unity3d.com,2011:
--- !u!29 &1
OcclusionCullingSettings:
  m_ObjectHideFlags: 0
  serializedVersion: 2
  m_OcclusionBakeSettings:
    smallestOccluder: 5
    smallestHole: 0.25
    backfaceThreshold: 100
  m_SceneGUID: 00000000000000000000000000000000
  m_OcclusionCullingData: {fileID: 0}
--- !u!104 &2
RenderSettings:
  m_ObjectHideFlags: 0
  serializedVersion: 9
  m_Fog: 0
  m_FogColor: {r: 0.5, g: 0.5, b: 0.5, a: 1}
  m_FogMode: 3
  m_FogDensity: 0.01
  m_LinearFogStart: 0
  m_LinearFogEnd: 300
  m_AmbientSkyColor: {r: 0.212, g: 0.227, b: 0.259, a: 1}
  m_AmbientEquatorColor: {r: 0.114, g: 0.125, b: 0.133, a: 1}
  m_AmbientGroundColor: {r: 0.047, g: 0.043, b: 0.035, a: 1}
  m_AmbientIntensity: 1
  m_AmbientMode: 0
  m_SubtractiveShadowColor: {r: 0.42, g: 0.478, b: 0.627, a: 1}
  m_SkyboxMaterial: {fileID: 10304, guid: 0000000000000000f000000000000000, type: 0}
  m_HaloStrength: 0.5
  m_FlareStrength: 1
  m_FlareFadeSpeed: 3
  m_HaloTexture: {fileID: 0}
  m_SpotCookie: {fileID: 10001, guid: 0000000000000000e000000000000000, type: 0}
  m_DefaultReflectionMode: 0
  m_DefaultReflectionResolution: 128
  m_ReflectionBounces: 1
  m_ReflectionIntensity: 1
  m_CustomReflection: {fileID: 0}
  m_Sun: {fileID: 0}
  m_IndirectSpecularColor: {r: 0.44657844, g: 0.49641222, b: 0.57481694, a: 1}
  m_UseRadianceAmbientProbe: 0
--- !u!157 &3
LightmapSettings:
  m_ObjectHideFlags: 0
  serializedVersion: 11
  m_GIWorkflowMode: 0
  m_GISettings:
    serializedVersion: 2
    m_BounceScale: 1
    m_IndirectOutputScale: 1
    m_AlbedoBoost: 1
    m_TemporalCoherenceThreshold: 1
    m_EnvironmentLightingMode: 0
    m_EnableBakedLightmaps: 1
    m_EnableRealtimeLightmaps: 1
  m_LightmapEditorSettings:
    serializedVersion: 10
    m_Resolution: 2
    m_BakeResolution: 40
    m_AtlasSize: 1024
    m_AO: 0
    m_AOMaxDistance: 1
    m_CompAOExponent: 1
    m_CompAOExponentDirect: 0
    m_Padding: 2
    m_LightmapParameters: {fileID: 0}
    m_LightmapsBakeMode: 1
    m_TextureCompression: 1
    m_FinalGather: 0
    m_FinalGatherFiltering: 1
    m_FinalGatherRayCount: 256
    m_ReflectionCompression: 2
    m_MixedBakeMode: 2
    m_BakeBackend: 1
    m_PVRSampling: 1
    m_PVRDirectSampleCount: 32
    m_PVRSampleCount: 500
    m_PVRBounces: 2
    m_PVRFilterTypeDirect: 0
    m_PVRFilterTypeIndirect: 0
    m_PVRFilterTypeAO: 0
    m_PVRFilteringMode: 1
    m_PVRCulling: 1
    m_PVRFilteringGaussRadiusDirect: 1
    m_PVRFilteringGaussRadiusIndirect: 5
    m_PVRFilteringGaussRadiusAO: 2
    m_PVRFilteringAtrousPositionSigmaDirect: 0.5
    m_PVRFilteringAtrousPositionSigmaIndirect: 2
    m_PVRFilteringAtrousPositionSigmaAO: 1
    m_ShowResolutionOverlay: 1
  m_LightingDataAsset: {fileID: 0}
  m_UseShadowmask: 1
--- !u!196 &4
NavMeshSettings:
  serializedVersion: 2
  m_ObjectHideFlags: 0
  m_BuildSettings:
    serializedVersion: 2
    agentTypeID: 0
    agentRadius: 0.5
    agentHeight: 2
    agentSlope: 45
    agentClimb: 0.4
    ledgeDropHeight: 0
    maxJumpAcrossDistance: 0
    minRegionArea: 2
    manualCellSize: 0
    cellSize: 0.16666667
    manualTileSize: 0
    tileSize: 256
    accuratePlacement: 0
    debug:
      m_Flags: 0
  m_NavMeshData: {fileID: 23800000, guid: 6f4244de7ca33ef459f46cd0a425076f, type: 2}
--- !u!1 &277299332
GameObject:
  m_ObjectHideFlags: 0
  m_CorrespondingSourceObject: {fileID: 0}
  m_PrefabInternal: {fileID: 0}
  serializedVersion: 6
  m_Component:
  - component: {fileID: 277299335}
  - component: {fileID: 277299334}
  - component: {fileID: 277299333}
  - component: {fileID: 277299336}
  m_Layer: 0
  m_Name: Main Camera
  m_TagString: MainCamera
  m_Icon: {fileID: 0}
  m_NavMeshLayer: 0
  m_StaticEditorFlags: 0
  m_IsActive: 1
--- !u!81 &277299333
AudioListener:
  m_ObjectHideFlags: 0
  m_CorrespondingSourceObject: {fileID: 0}
  m_PrefabInternal: {fileID: 0}
  m_GameObject: {fileID: 277299332}
  m_Enabled: 1
--- !u!20 &277299334
Camera:
  m_ObjectHideFlags: 0
  m_CorrespondingSourceObject: {fileID: 0}
  m_PrefabInternal: {fileID: 0}
  m_GameObject: {fileID: 277299332}
  m_Enabled: 1
  serializedVersion: 2
  m_ClearFlags: 1
  m_BackGroundColor: {r: 0.19215687, g: 0.3019608, b: 0.4745098, a: 0}
  m_projectionMatrixMode: 1
  m_SensorSize: {x: 36, y: 24}
  m_LensShift: {x: 0, y: 0}
  m_FocalLength: 50
  m_NormalizedViewPortRect:
    serializedVersion: 2
    x: 0
    y: 0
    width: 1
    height: 1
  near clip plane: 0.3
  far clip plane: 1000
  field of view: 60
  orthographic: 0
  orthographic size: 5
  m_Depth: -1
  m_CullingMask:
    serializedVersion: 2
    m_Bits: 4294967295
  m_RenderingPath: -1
  m_TargetTexture: {fileID: 0}
  m_TargetDisplay: 0
  m_TargetEye: 3
  m_HDR: 1
  m_AllowMSAA: 1
  m_AllowDynamicResolution: 0
  m_ForceIntoRT: 0
  m_OcclusionCulling: 1
  m_StereoConvergence: 10
  m_StereoSeparation: 0.022
--- !u!4 &277299335
Transform:
  m_ObjectHideFlags: 0
  m_CorrespondingSourceObject: {fileID: 0}
  m_PrefabInternal: {fileID: 0}
  m_GameObject: {fileID: 277299332}
  m_LocalRotation: {x: 0.61162454, y: -0, z: -0, w: 0.7911482}
  m_LocalPosition: {x: 0, y: 9.6, z: -6.3}
  m_LocalScale: {x: 1, y: 1, z: 1}
  m_Children: []
  m_Father: {fileID: 0}
  m_RootOrder: 0
  m_LocalEulerAnglesHint: {x: 75.414, y: 0, z: 0}
--- !u!114 &277299336
MonoBehaviour:
  m_ObjectHideFlags: 0
  m_CorrespondingSourceObject: {fileID: 0}
  m_PrefabInternal: {fileID: 0}
  m_GameObject: {fileID: 277299332}
  m_Enabled: 1
  m_EditorHideFlags: 0
  m_Script: {fileID: 11500000, guid: 326e9face10771c49a60276debbb364c, type: 3}
  m_Name: 
  m_EditorClassIdentifier: 
--- !u!1001 &286960233
Prefab:
  m_ObjectHideFlags: 0
  serializedVersion: 2
  m_Modification:
    m_TransformParent: {fileID: 1865047544}
    m_Modifications:
    - target: {fileID: 4166659387822442, guid: b0d337747662938449c6549ad69d2736, type: 2}
      propertyPath: m_LocalPosition.x
      value: 4.0729084
      objectReference: {fileID: 0}
    - target: {fileID: 4166659387822442, guid: b0d337747662938449c6549ad69d2736, type: 2}
      propertyPath: m_LocalPosition.y
      value: 0.169
      objectReference: {fileID: 0}
    - target: {fileID: 4166659387822442, guid: b0d337747662938449c6549ad69d2736, type: 2}
      propertyPath: m_LocalPosition.z
      value: 4.209836
      objectReference: {fileID: 0}
    - target: {fileID: 4166659387822442, guid: b0d337747662938449c6549ad69d2736, type: 2}
      propertyPath: m_LocalRotation.x
      value: -0
      objectReference: {fileID: 0}
    - target: {fileID: 4166659387822442, guid: b0d337747662938449c6549ad69d2736, type: 2}
      propertyPath: m_LocalRotation.y
      value: -0.7071068
      objectReference: {fileID: 0}
    - target: {fileID: 4166659387822442, guid: b0d337747662938449c6549ad69d2736, type: 2}
      propertyPath: m_LocalRotation.z
      value: -0
      objectReference: {fileID: 0}
    - target: {fileID: 4166659387822442, guid: b0d337747662938449c6549ad69d2736, type: 2}
      propertyPath: m_LocalRotation.w
      value: 0.7071068
      objectReference: {fileID: 0}
    - target: {fileID: 4166659387822442, guid: b0d337747662938449c6549ad69d2736, type: 2}
      propertyPath: m_RootOrder
      value: 7
      objectReference: {fileID: 0}
    - target: {fileID: 114537745960276760, guid: b0d337747662938449c6549ad69d2736,
        type: 2}
      propertyPath: _android
      value: 1
      objectReference: {fileID: 0}
    - target: {fileID: 4166659387822442, guid: b0d337747662938449c6549ad69d2736, type: 2}
      propertyPath: m_LocalScale.x
      value: 1
      objectReference: {fileID: 0}
    - target: {fileID: 4166659387822442, guid: b0d337747662938449c6549ad69d2736, type: 2}
      propertyPath: m_LocalScale.z
      value: 1
      objectReference: {fileID: 0}
    m_RemovedComponents: []
  m_SourcePrefab: {fileID: 100100000, guid: b0d337747662938449c6549ad69d2736, type: 2}
  m_IsPrefabAsset: 0
--- !u!1 &542587913
GameObject:
  m_ObjectHideFlags: 0
  m_CorrespondingSourceObject: {fileID: 0}
  m_PrefabInternal: {fileID: 0}
  serializedVersion: 6
  m_Component:
  - component: {fileID: 542587914}
  m_Layer: 0
  m_Name: Enter
  m_TagString: Untagged
  m_Icon: {fileID: -964228994112308473, guid: 0000000000000000d000000000000000, type: 0}
  m_NavMeshLayer: 0
  m_StaticEditorFlags: 0
  m_IsActive: 1
--- !u!4 &542587914
Transform:
  m_ObjectHideFlags: 0
  m_CorrespondingSourceObject: {fileID: 0}
  m_PrefabInternal: {fileID: 0}
  m_GameObject: {fileID: 542587913}
  m_LocalRotation: {x: 0, y: 0, z: 0, w: 1}
  m_LocalPosition: {x: 0.8, y: 0.49, z: 1.55}
  m_LocalScale: {x: 1, y: 1, z: 1}
  m_Children: []
  m_Father: {fileID: 1865047544}
  m_RootOrder: 5
  m_LocalEulerAnglesHint: {x: 0, y: 0, z: 0}
--- !u!1001 &791940284
Prefab:
  m_ObjectHideFlags: 0
  serializedVersion: 2
  m_Modification:
    m_TransformParent: {fileID: 0}
    m_Modifications:
    - target: {fileID: 4667217053762012, guid: 78ddce055a2f9a84297e82c7066d8d25, type: 2}
      propertyPath: m_LocalPosition.x
      value: -6.78
      objectReference: {fileID: 0}
    - target: {fileID: 4667217053762012, guid: 78ddce055a2f9a84297e82c7066d8d25, type: 2}
      propertyPath: m_LocalPosition.y
      value: 0
      objectReference: {fileID: 0}
    - target: {fileID: 4667217053762012, guid: 78ddce055a2f9a84297e82c7066d8d25, type: 2}
      propertyPath: m_LocalPosition.z
      value: 1.3
      objectReference: {fileID: 0}
    - target: {fileID: 4667217053762012, guid: 78ddce055a2f9a84297e82c7066d8d25, type: 2}
      propertyPath: m_LocalRotation.x
      value: 0
      objectReference: {fileID: 0}
    - target: {fileID: 4667217053762012, guid: 78ddce055a2f9a84297e82c7066d8d25, type: 2}
      propertyPath: m_LocalRotation.y
      value: 0.7071068
      objectReference: {fileID: 0}
    - target: {fileID: 4667217053762012, guid: 78ddce055a2f9a84297e82c7066d8d25, type: 2}
      propertyPath: m_LocalRotation.z
      value: 0
      objectReference: {fileID: 0}
    - target: {fileID: 4667217053762012, guid: 78ddce055a2f9a84297e82c7066d8d25, type: 2}
      propertyPath: m_LocalRotation.w
      value: 0.7071068
      objectReference: {fileID: 0}
    - target: {fileID: 4667217053762012, guid: 78ddce055a2f9a84297e82c7066d8d25, type: 2}
      propertyPath: m_RootOrder
      value: 1
      objectReference: {fileID: 0}
    - target: {fileID: 4667217053762012, guid: 78ddce055a2f9a84297e82c7066d8d25, type: 2}
      propertyPath: m_LocalEulerAnglesHint.y
      value: 90
      objectReference: {fileID: 0}
    - target: {fileID: 1658698777443620, guid: 78ddce055a2f9a84297e82c7066d8d25, type: 2}
      propertyPath: m_StaticEditorFlags
      value: 4294967294
      objectReference: {fileID: 0}
    - target: {fileID: 1469447623304866, guid: 78ddce055a2f9a84297e82c7066d8d25, type: 2}
      propertyPath: m_StaticEditorFlags
      value: 4294967294
      objectReference: {fileID: 0}
    - target: {fileID: 1243159087508538, guid: 78ddce055a2f9a84297e82c7066d8d25, type: 2}
      propertyPath: m_StaticEditorFlags
      value: 4294967294
      objectReference: {fileID: 0}
    - target: {fileID: 1878956528825976, guid: 78ddce055a2f9a84297e82c7066d8d25, type: 2}
      propertyPath: m_StaticEditorFlags
      value: 4294967294
      objectReference: {fileID: 0}
    - target: {fileID: 1648430310715394, guid: 78ddce055a2f9a84297e82c7066d8d25, type: 2}
      propertyPath: m_StaticEditorFlags
      value: 4294967294
      objectReference: {fileID: 0}
    - target: {fileID: 1867726882584974, guid: 78ddce055a2f9a84297e82c7066d8d25, type: 2}
      propertyPath: m_StaticEditorFlags
      value: 4294967294
      objectReference: {fileID: 0}
    - target: {fileID: 1889529315946808, guid: 78ddce055a2f9a84297e82c7066d8d25, type: 2}
      propertyPath: m_StaticEditorFlags
      value: 4294967294
      objectReference: {fileID: 0}
    - target: {fileID: 1351756051133866, guid: 78ddce055a2f9a84297e82c7066d8d25, type: 2}
      propertyPath: m_StaticEditorFlags
      value: 4294967294
      objectReference: {fileID: 0}
    - target: {fileID: 1756090837015252, guid: 78ddce055a2f9a84297e82c7066d8d25, type: 2}
      propertyPath: m_StaticEditorFlags
      value: 4294967294
      objectReference: {fileID: 0}
    - target: {fileID: 1751163084970688, guid: 78ddce055a2f9a84297e82c7066d8d25, type: 2}
      propertyPath: m_StaticEditorFlags
      value: 4294967294
      objectReference: {fileID: 0}
    - target: {fileID: 1121110376677630, guid: 78ddce055a2f9a84297e82c7066d8d25, type: 2}
      propertyPath: m_StaticEditorFlags
      value: 4294967294
      objectReference: {fileID: 0}
    - target: {fileID: 1263434248555320, guid: 78ddce055a2f9a84297e82c7066d8d25, type: 2}
      propertyPath: m_StaticEditorFlags
      value: 4294967294
      objectReference: {fileID: 0}
    - target: {fileID: 1644496503917062, guid: 78ddce055a2f9a84297e82c7066d8d25, type: 2}
      propertyPath: m_StaticEditorFlags
      value: 4294967294
      objectReference: {fileID: 0}
    - target: {fileID: 1687216082729006, guid: 78ddce055a2f9a84297e82c7066d8d25, type: 2}
      propertyPath: m_StaticEditorFlags
      value: 4294967294
      objectReference: {fileID: 0}
    - target: {fileID: 1910237840784910, guid: 78ddce055a2f9a84297e82c7066d8d25, type: 2}
      propertyPath: m_StaticEditorFlags
      value: 4294967294
      objectReference: {fileID: 0}
    - target: {fileID: 1339393878671150, guid: 78ddce055a2f9a84297e82c7066d8d25, type: 2}
      propertyPath: m_StaticEditorFlags
      value: 4294967294
      objectReference: {fileID: 0}
    - target: {fileID: 1673194069075964, guid: 78ddce055a2f9a84297e82c7066d8d25, type: 2}
      propertyPath: m_StaticEditorFlags
      value: 4294967294
      objectReference: {fileID: 0}
    - target: {fileID: 1983372020910978, guid: 78ddce055a2f9a84297e82c7066d8d25, type: 2}
      propertyPath: m_StaticEditorFlags
      value: 4294967294
      objectReference: {fileID: 0}
    - target: {fileID: 1110981815257468, guid: 78ddce055a2f9a84297e82c7066d8d25, type: 2}
      propertyPath: m_StaticEditorFlags
      value: 4294967294
      objectReference: {fileID: 0}
    - target: {fileID: 1312150210004196, guid: 78ddce055a2f9a84297e82c7066d8d25, type: 2}
      propertyPath: m_StaticEditorFlags
      value: 4294967294
      objectReference: {fileID: 0}
    - target: {fileID: 1009961408605630, guid: 78ddce055a2f9a84297e82c7066d8d25, type: 2}
      propertyPath: m_StaticEditorFlags
      value: 4294967294
      objectReference: {fileID: 0}
    - target: {fileID: 1423540712248426, guid: 78ddce055a2f9a84297e82c7066d8d25, type: 2}
      propertyPath: m_StaticEditorFlags
      value: 4294967294
      objectReference: {fileID: 0}
    - target: {fileID: 1184935598403408, guid: 78ddce055a2f9a84297e82c7066d8d25, type: 2}
      propertyPath: m_StaticEditorFlags
      value: 4294967294
      objectReference: {fileID: 0}
    - target: {fileID: 1857199171214758, guid: 78ddce055a2f9a84297e82c7066d8d25, type: 2}
      propertyPath: m_StaticEditorFlags
      value: 4294967294
      objectReference: {fileID: 0}
    - target: {fileID: 1748903074425668, guid: 78ddce055a2f9a84297e82c7066d8d25, type: 2}
      propertyPath: m_StaticEditorFlags
      value: 4294967294
      objectReference: {fileID: 0}
    - target: {fileID: 1608609201200382, guid: 78ddce055a2f9a84297e82c7066d8d25, type: 2}
      propertyPath: m_StaticEditorFlags
      value: 4294967294
      objectReference: {fileID: 0}
    - target: {fileID: 1580700499810776, guid: 78ddce055a2f9a84297e82c7066d8d25, type: 2}
      propertyPath: m_StaticEditorFlags
      value: 4294967294
      objectReference: {fileID: 0}
    - target: {fileID: 1187216493050098, guid: 78ddce055a2f9a84297e82c7066d8d25, type: 2}
      propertyPath: m_StaticEditorFlags
      value: 4294967294
      objectReference: {fileID: 0}
    - target: {fileID: 1881274949349970, guid: 78ddce055a2f9a84297e82c7066d8d25, type: 2}
      propertyPath: m_StaticEditorFlags
      value: 4294967294
      objectReference: {fileID: 0}
    - target: {fileID: 1100123682633112, guid: 78ddce055a2f9a84297e82c7066d8d25, type: 2}
      propertyPath: m_StaticEditorFlags
      value: 4294967294
      objectReference: {fileID: 0}
    - target: {fileID: 1341269904125580, guid: 78ddce055a2f9a84297e82c7066d8d25, type: 2}
      propertyPath: m_StaticEditorFlags
      value: 4294967294
      objectReference: {fileID: 0}
    - target: {fileID: 1190513529935314, guid: 78ddce055a2f9a84297e82c7066d8d25, type: 2}
      propertyPath: m_StaticEditorFlags
      value: 4294967294
      objectReference: {fileID: 0}
    - target: {fileID: 1964388700351958, guid: 78ddce055a2f9a84297e82c7066d8d25, type: 2}
      propertyPath: m_StaticEditorFlags
      value: 4294967294
      objectReference: {fileID: 0}
    - target: {fileID: 1678423065113106, guid: 78ddce055a2f9a84297e82c7066d8d25, type: 2}
      propertyPath: m_StaticEditorFlags
      value: 4294967294
      objectReference: {fileID: 0}
    - target: {fileID: 1144059354309658, guid: 78ddce055a2f9a84297e82c7066d8d25, type: 2}
      propertyPath: m_StaticEditorFlags
      value: 4294967294
      objectReference: {fileID: 0}
    - target: {fileID: 1883579658530774, guid: 78ddce055a2f9a84297e82c7066d8d25, type: 2}
      propertyPath: m_StaticEditorFlags
      value: 4294967294
      objectReference: {fileID: 0}
    - target: {fileID: 1089120776364162, guid: 78ddce055a2f9a84297e82c7066d8d25, type: 2}
      propertyPath: m_StaticEditorFlags
      value: 4294967294
      objectReference: {fileID: 0}
    - target: {fileID: 1850870273074692, guid: 78ddce055a2f9a84297e82c7066d8d25, type: 2}
      propertyPath: m_StaticEditorFlags
      value: 4294967294
      objectReference: {fileID: 0}
    - target: {fileID: 1832759304287902, guid: 78ddce055a2f9a84297e82c7066d8d25, type: 2}
      propertyPath: m_StaticEditorFlags
      value: 4294967294
      objectReference: {fileID: 0}
    - target: {fileID: 1309062163311430, guid: 78ddce055a2f9a84297e82c7066d8d25, type: 2}
      propertyPath: m_StaticEditorFlags
      value: 4294967294
      objectReference: {fileID: 0}
    - target: {fileID: 1138620148990740, guid: 78ddce055a2f9a84297e82c7066d8d25, type: 2}
      propertyPath: m_StaticEditorFlags
      value: 4294967294
      objectReference: {fileID: 0}
    - target: {fileID: 1950428430258574, guid: 78ddce055a2f9a84297e82c7066d8d25, type: 2}
      propertyPath: m_StaticEditorFlags
      value: 4294967294
      objectReference: {fileID: 0}
    - target: {fileID: 1735303480125010, guid: 78ddce055a2f9a84297e82c7066d8d25, type: 2}
      propertyPath: m_StaticEditorFlags
      value: 4294967294
      objectReference: {fileID: 0}
    - target: {fileID: 1152747949189584, guid: 78ddce055a2f9a84297e82c7066d8d25, type: 2}
      propertyPath: m_StaticEditorFlags
      value: 4294967294
      objectReference: {fileID: 0}
    - target: {fileID: 1118752361405408, guid: 78ddce055a2f9a84297e82c7066d8d25, type: 2}
      propertyPath: m_StaticEditorFlags
      value: 4294967294
      objectReference: {fileID: 0}
    - target: {fileID: 1364762375102522, guid: 78ddce055a2f9a84297e82c7066d8d25, type: 2}
      propertyPath: m_StaticEditorFlags
      value: 4294967294
      objectReference: {fileID: 0}
    - target: {fileID: 1929519655185642, guid: 78ddce055a2f9a84297e82c7066d8d25, type: 2}
      propertyPath: m_StaticEditorFlags
      value: 4294967294
      objectReference: {fileID: 0}
    - target: {fileID: 1244720875651874, guid: 78ddce055a2f9a84297e82c7066d8d25, type: 2}
      propertyPath: m_StaticEditorFlags
      value: 4294967294
      objectReference: {fileID: 0}
    - target: {fileID: 1639903964474788, guid: 78ddce055a2f9a84297e82c7066d8d25, type: 2}
      propertyPath: m_StaticEditorFlags
      value: 4294967294
      objectReference: {fileID: 0}
    - target: {fileID: 1207530797711842, guid: 78ddce055a2f9a84297e82c7066d8d25, type: 2}
      propertyPath: m_StaticEditorFlags
      value: 4294967294
      objectReference: {fileID: 0}
    - target: {fileID: 1109337546053980, guid: 78ddce055a2f9a84297e82c7066d8d25, type: 2}
      propertyPath: m_StaticEditorFlags
      value: 4294967294
      objectReference: {fileID: 0}
    - target: {fileID: 1787875779794920, guid: 78ddce055a2f9a84297e82c7066d8d25, type: 2}
      propertyPath: m_StaticEditorFlags
      value: 4294967294
      objectReference: {fileID: 0}
    - target: {fileID: 1664977985025452, guid: 78ddce055a2f9a84297e82c7066d8d25, type: 2}
      propertyPath: m_StaticEditorFlags
      value: 4294967294
      objectReference: {fileID: 0}
    - target: {fileID: 1904338842307568, guid: 78ddce055a2f9a84297e82c7066d8d25, type: 2}
      propertyPath: m_StaticEditorFlags
      value: 4294967294
      objectReference: {fileID: 0}
    - target: {fileID: 1998265809110394, guid: 78ddce055a2f9a84297e82c7066d8d25, type: 2}
      propertyPath: m_StaticEditorFlags
      value: 4294967294
      objectReference: {fileID: 0}
    - target: {fileID: 1227453675518244, guid: 78ddce055a2f9a84297e82c7066d8d25, type: 2}
      propertyPath: m_StaticEditorFlags
      value: 4294967294
      objectReference: {fileID: 0}
    - target: {fileID: 1503069907621048, guid: 78ddce055a2f9a84297e82c7066d8d25, type: 2}
      propertyPath: m_StaticEditorFlags
      value: 4294967294
      objectReference: {fileID: 0}
    - target: {fileID: 1664556679598074, guid: 78ddce055a2f9a84297e82c7066d8d25, type: 2}
      propertyPath: m_StaticEditorFlags
      value: 4294967294
      objectReference: {fileID: 0}
    - target: {fileID: 1058145658830470, guid: 78ddce055a2f9a84297e82c7066d8d25, type: 2}
      propertyPath: m_StaticEditorFlags
      value: 4294967294
      objectReference: {fileID: 0}
    - target: {fileID: 1110769569879732, guid: 78ddce055a2f9a84297e82c7066d8d25, type: 2}
      propertyPath: m_StaticEditorFlags
      value: 4294967294
      objectReference: {fileID: 0}
    - target: {fileID: 1639218185261602, guid: 78ddce055a2f9a84297e82c7066d8d25, type: 2}
      propertyPath: m_StaticEditorFlags
      value: 4294967294
      objectReference: {fileID: 0}
    - target: {fileID: 1996853201242220, guid: 78ddce055a2f9a84297e82c7066d8d25, type: 2}
      propertyPath: m_StaticEditorFlags
      value: 4294967294
      objectReference: {fileID: 0}
    - target: {fileID: 1557485788590048, guid: 78ddce055a2f9a84297e82c7066d8d25, type: 2}
      propertyPath: m_StaticEditorFlags
      value: 4294967294
      objectReference: {fileID: 0}
    - target: {fileID: 1986509931782692, guid: 78ddce055a2f9a84297e82c7066d8d25, type: 2}
      propertyPath: m_StaticEditorFlags
      value: 4294967294
      objectReference: {fileID: 0}
    - target: {fileID: 1967840118360480, guid: 78ddce055a2f9a84297e82c7066d8d25, type: 2}
      propertyPath: m_StaticEditorFlags
      value: 4294967294
      objectReference: {fileID: 0}
    - target: {fileID: 1361779550322576, guid: 78ddce055a2f9a84297e82c7066d8d25, type: 2}
      propertyPath: m_StaticEditorFlags
      value: 4294967294
      objectReference: {fileID: 0}
    - target: {fileID: 1046100623052592, guid: 78ddce055a2f9a84297e82c7066d8d25, type: 2}
      propertyPath: m_StaticEditorFlags
      value: 4294967294
      objectReference: {fileID: 0}
    - target: {fileID: 1283118998023674, guid: 78ddce055a2f9a84297e82c7066d8d25, type: 2}
      propertyPath: m_StaticEditorFlags
      value: 4294967294
      objectReference: {fileID: 0}
    - target: {fileID: 1861106841628880, guid: 78ddce055a2f9a84297e82c7066d8d25, type: 2}
      propertyPath: m_StaticEditorFlags
      value: 4294967294
      objectReference: {fileID: 0}
    - target: {fileID: 1833828843603324, guid: 78ddce055a2f9a84297e82c7066d8d25, type: 2}
      propertyPath: m_StaticEditorFlags
      value: 4294967294
      objectReference: {fileID: 0}
    - target: {fileID: 1751284024134404, guid: 78ddce055a2f9a84297e82c7066d8d25, type: 2}
      propertyPath: m_StaticEditorFlags
      value: 4294967294
      objectReference: {fileID: 0}
    - target: {fileID: 1305027851168786, guid: 78ddce055a2f9a84297e82c7066d8d25, type: 2}
      propertyPath: m_StaticEditorFlags
      value: 4294967294
      objectReference: {fileID: 0}
    - target: {fileID: 1998154509742058, guid: 78ddce055a2f9a84297e82c7066d8d25, type: 2}
      propertyPath: m_StaticEditorFlags
      value: 4294967294
      objectReference: {fileID: 0}
    - target: {fileID: 1348596016943542, guid: 78ddce055a2f9a84297e82c7066d8d25, type: 2}
      propertyPath: m_StaticEditorFlags
      value: 4294967294
      objectReference: {fileID: 0}
    - target: {fileID: 1436393650636664, guid: 78ddce055a2f9a84297e82c7066d8d25, type: 2}
      propertyPath: m_StaticEditorFlags
      value: 4294967294
      objectReference: {fileID: 0}
    - target: {fileID: 1559269764275478, guid: 78ddce055a2f9a84297e82c7066d8d25, type: 2}
      propertyPath: m_StaticEditorFlags
      value: 4294967294
      objectReference: {fileID: 0}
    - target: {fileID: 1636664844458294, guid: 78ddce055a2f9a84297e82c7066d8d25, type: 2}
      propertyPath: m_StaticEditorFlags
      value: 4294967294
      objectReference: {fileID: 0}
    - target: {fileID: 1985254513566946, guid: 78ddce055a2f9a84297e82c7066d8d25, type: 2}
      propertyPath: m_StaticEditorFlags
      value: 4294967294
      objectReference: {fileID: 0}
    - target: {fileID: 1383547071353846, guid: 78ddce055a2f9a84297e82c7066d8d25, type: 2}
      propertyPath: m_StaticEditorFlags
      value: 4294967294
      objectReference: {fileID: 0}
    - target: {fileID: 1705055187999348, guid: 78ddce055a2f9a84297e82c7066d8d25, type: 2}
      propertyPath: m_StaticEditorFlags
      value: 4294967294
      objectReference: {fileID: 0}
    - target: {fileID: 1771228832631032, guid: 78ddce055a2f9a84297e82c7066d8d25, type: 2}
      propertyPath: m_StaticEditorFlags
      value: 4294967294
      objectReference: {fileID: 0}
    - target: {fileID: 1173535664744378, guid: 78ddce055a2f9a84297e82c7066d8d25, type: 2}
      propertyPath: m_StaticEditorFlags
      value: 4294967294
      objectReference: {fileID: 0}
    - target: {fileID: 1061514997897326, guid: 78ddce055a2f9a84297e82c7066d8d25, type: 2}
      propertyPath: m_StaticEditorFlags
      value: 4294967294
      objectReference: {fileID: 0}
    - target: {fileID: 1427385986895616, guid: 78ddce055a2f9a84297e82c7066d8d25, type: 2}
      propertyPath: m_StaticEditorFlags
      value: 4294967294
      objectReference: {fileID: 0}
    - target: {fileID: 1184704918496292, guid: 78ddce055a2f9a84297e82c7066d8d25, type: 2}
      propertyPath: m_StaticEditorFlags
      value: 4294967294
      objectReference: {fileID: 0}
    - target: {fileID: 1831095812397876, guid: 78ddce055a2f9a84297e82c7066d8d25, type: 2}
      propertyPath: m_StaticEditorFlags
      value: 4294967294
      objectReference: {fileID: 0}
    - target: {fileID: 1848121678393664, guid: 78ddce055a2f9a84297e82c7066d8d25, type: 2}
      propertyPath: m_StaticEditorFlags
      value: 4294967294
      objectReference: {fileID: 0}
    - target: {fileID: 1500102029701758, guid: 78ddce055a2f9a84297e82c7066d8d25, type: 2}
      propertyPath: m_StaticEditorFlags
      value: 4294967294
      objectReference: {fileID: 0}
    - target: {fileID: 1887940603664784, guid: 78ddce055a2f9a84297e82c7066d8d25, type: 2}
      propertyPath: m_StaticEditorFlags
      value: 4294967294
      objectReference: {fileID: 0}
    - target: {fileID: 1541991269233514, guid: 78ddce055a2f9a84297e82c7066d8d25, type: 2}
      propertyPath: m_StaticEditorFlags
      value: 4294967294
      objectReference: {fileID: 0}
    - target: {fileID: 1267035371128814, guid: 78ddce055a2f9a84297e82c7066d8d25, type: 2}
      propertyPath: m_StaticEditorFlags
      value: 4294967294
      objectReference: {fileID: 0}
    - target: {fileID: 1400398453416640, guid: 78ddce055a2f9a84297e82c7066d8d25, type: 2}
      propertyPath: m_StaticEditorFlags
      value: 4294967294
      objectReference: {fileID: 0}
    - target: {fileID: 1724955518978586, guid: 78ddce055a2f9a84297e82c7066d8d25, type: 2}
      propertyPath: m_StaticEditorFlags
      value: 4294967294
      objectReference: {fileID: 0}
    - target: {fileID: 1614482875986224, guid: 78ddce055a2f9a84297e82c7066d8d25, type: 2}
      propertyPath: m_StaticEditorFlags
      value: 4294967294
      objectReference: {fileID: 0}
    - target: {fileID: 1295569063266036, guid: 78ddce055a2f9a84297e82c7066d8d25, type: 2}
      propertyPath: m_StaticEditorFlags
      value: 4294967294
      objectReference: {fileID: 0}
    - target: {fileID: 1081958646660018, guid: 78ddce055a2f9a84297e82c7066d8d25, type: 2}
      propertyPath: m_StaticEditorFlags
      value: 4294967294
      objectReference: {fileID: 0}
    - target: {fileID: 1906730846385976, guid: 78ddce055a2f9a84297e82c7066d8d25, type: 2}
      propertyPath: m_StaticEditorFlags
      value: 4294967294
      objectReference: {fileID: 0}
    - target: {fileID: 1170161616680046, guid: 78ddce055a2f9a84297e82c7066d8d25, type: 2}
      propertyPath: m_StaticEditorFlags
      value: 4294967294
      objectReference: {fileID: 0}
    - target: {fileID: 1503871623812096, guid: 78ddce055a2f9a84297e82c7066d8d25, type: 2}
      propertyPath: m_StaticEditorFlags
      value: 4294967294
      objectReference: {fileID: 0}
    - target: {fileID: 1405254857779304, guid: 78ddce055a2f9a84297e82c7066d8d25, type: 2}
      propertyPath: m_StaticEditorFlags
      value: 4294967294
      objectReference: {fileID: 0}
    - target: {fileID: 1732932084587602, guid: 78ddce055a2f9a84297e82c7066d8d25, type: 2}
      propertyPath: m_StaticEditorFlags
      value: 4294967295
      objectReference: {fileID: 0}
    - target: {fileID: 1601449414215034, guid: 78ddce055a2f9a84297e82c7066d8d25, type: 2}
      propertyPath: m_StaticEditorFlags
      value: 4294967294
      objectReference: {fileID: 0}
    - target: {fileID: 1419640654966240, guid: 78ddce055a2f9a84297e82c7066d8d25, type: 2}
      propertyPath: m_StaticEditorFlags
      value: 4294967294
      objectReference: {fileID: 0}
    - target: {fileID: 1457349891818236, guid: 78ddce055a2f9a84297e82c7066d8d25, type: 2}
      propertyPath: m_StaticEditorFlags
      value: 4294967294
      objectReference: {fileID: 0}
    - target: {fileID: 1875491257618956, guid: 78ddce055a2f9a84297e82c7066d8d25, type: 2}
      propertyPath: m_StaticEditorFlags
      value: 4294967294
      objectReference: {fileID: 0}
    - target: {fileID: 1140766416462156, guid: 78ddce055a2f9a84297e82c7066d8d25, type: 2}
      propertyPath: m_StaticEditorFlags
      value: 4294967294
      objectReference: {fileID: 0}
    - target: {fileID: 1327993861225080, guid: 78ddce055a2f9a84297e82c7066d8d25, type: 2}
      propertyPath: m_StaticEditorFlags
      value: 4294967294
      objectReference: {fileID: 0}
    - target: {fileID: 1762080984392104, guid: 78ddce055a2f9a84297e82c7066d8d25, type: 2}
      propertyPath: m_StaticEditorFlags
      value: 4294967294
      objectReference: {fileID: 0}
    - target: {fileID: 1044107471777082, guid: 78ddce055a2f9a84297e82c7066d8d25, type: 2}
      propertyPath: m_StaticEditorFlags
      value: 4294967294
      objectReference: {fileID: 0}
    - target: {fileID: 1474218236507312, guid: 78ddce055a2f9a84297e82c7066d8d25, type: 2}
      propertyPath: m_StaticEditorFlags
      value: 4294967294
      objectReference: {fileID: 0}
    - target: {fileID: 1627888594673794, guid: 78ddce055a2f9a84297e82c7066d8d25, type: 2}
      propertyPath: m_StaticEditorFlags
      value: 4294967294
      objectReference: {fileID: 0}
    - target: {fileID: 1803756476627926, guid: 78ddce055a2f9a84297e82c7066d8d25, type: 2}
      propertyPath: m_StaticEditorFlags
      value: 4294967294
      objectReference: {fileID: 0}
    - target: {fileID: 1372494248560512, guid: 78ddce055a2f9a84297e82c7066d8d25, type: 2}
      propertyPath: m_StaticEditorFlags
      value: 4294967294
      objectReference: {fileID: 0}
    - target: {fileID: 1908778892968110, guid: 78ddce055a2f9a84297e82c7066d8d25, type: 2}
      propertyPath: m_StaticEditorFlags
      value: 4294967294
      objectReference: {fileID: 0}
    - target: {fileID: 1047933785669876, guid: 78ddce055a2f9a84297e82c7066d8d25, type: 2}
      propertyPath: m_StaticEditorFlags
      value: 4294967294
      objectReference: {fileID: 0}
    - target: {fileID: 1768013048914532, guid: 78ddce055a2f9a84297e82c7066d8d25, type: 2}
      propertyPath: m_StaticEditorFlags
      value: 4294967294
      objectReference: {fileID: 0}
    - target: {fileID: 1176272816890252, guid: 78ddce055a2f9a84297e82c7066d8d25, type: 2}
      propertyPath: m_StaticEditorFlags
      value: 4294967294
      objectReference: {fileID: 0}
    - target: {fileID: 1915864484380302, guid: 78ddce055a2f9a84297e82c7066d8d25, type: 2}
      propertyPath: m_StaticEditorFlags
      value: 4294967294
      objectReference: {fileID: 0}
    - target: {fileID: 1179304555617692, guid: 78ddce055a2f9a84297e82c7066d8d25, type: 2}
      propertyPath: m_StaticEditorFlags
      value: 4294967294
      objectReference: {fileID: 0}
    - target: {fileID: 1173661132642666, guid: 78ddce055a2f9a84297e82c7066d8d25, type: 2}
      propertyPath: m_StaticEditorFlags
      value: 4294967294
      objectReference: {fileID: 0}
    - target: {fileID: 1115444257752466, guid: 78ddce055a2f9a84297e82c7066d8d25, type: 2}
      propertyPath: m_StaticEditorFlags
      value: 4294967294
      objectReference: {fileID: 0}
    - target: {fileID: 1570013392991722, guid: 78ddce055a2f9a84297e82c7066d8d25, type: 2}
      propertyPath: m_StaticEditorFlags
      value: 4294967294
      objectReference: {fileID: 0}
    - target: {fileID: 1531024160707728, guid: 78ddce055a2f9a84297e82c7066d8d25, type: 2}
      propertyPath: m_StaticEditorFlags
      value: 4294967294
      objectReference: {fileID: 0}
    - target: {fileID: 1327626942363544, guid: 78ddce055a2f9a84297e82c7066d8d25, type: 2}
      propertyPath: m_StaticEditorFlags
      value: 4294967294
      objectReference: {fileID: 0}
    - target: {fileID: 1690950691888702, guid: 78ddce055a2f9a84297e82c7066d8d25, type: 2}
      propertyPath: m_StaticEditorFlags
      value: 4294967294
      objectReference: {fileID: 0}
    - target: {fileID: 1088974770406954, guid: 78ddce055a2f9a84297e82c7066d8d25, type: 2}
      propertyPath: m_StaticEditorFlags
      value: 4294967294
      objectReference: {fileID: 0}
    - target: {fileID: 1324149109711480, guid: 78ddce055a2f9a84297e82c7066d8d25, type: 2}
      propertyPath: m_StaticEditorFlags
      value: 4294967294
      objectReference: {fileID: 0}
    - target: {fileID: 1064186679819716, guid: 78ddce055a2f9a84297e82c7066d8d25, type: 2}
      propertyPath: m_StaticEditorFlags
      value: 4294967294
      objectReference: {fileID: 0}
    - target: {fileID: 1797888833512212, guid: 78ddce055a2f9a84297e82c7066d8d25, type: 2}
      propertyPath: m_StaticEditorFlags
      value: 4294967294
      objectReference: {fileID: 0}
    - target: {fileID: 1532035260573690, guid: 78ddce055a2f9a84297e82c7066d8d25, type: 2}
      propertyPath: m_StaticEditorFlags
      value: 4294967294
      objectReference: {fileID: 0}
    - target: {fileID: 1391028466215912, guid: 78ddce055a2f9a84297e82c7066d8d25, type: 2}
      propertyPath: m_StaticEditorFlags
      value: 4294967294
      objectReference: {fileID: 0}
    - target: {fileID: 1205258764232698, guid: 78ddce055a2f9a84297e82c7066d8d25, type: 2}
      propertyPath: m_StaticEditorFlags
      value: 4294967294
      objectReference: {fileID: 0}
    - target: {fileID: 1637484596735142, guid: 78ddce055a2f9a84297e82c7066d8d25, type: 2}
      propertyPath: m_StaticEditorFlags
      value: 4294967294
      objectReference: {fileID: 0}
    - target: {fileID: 1989674223508824, guid: 78ddce055a2f9a84297e82c7066d8d25, type: 2}
      propertyPath: m_StaticEditorFlags
      value: 4294967294
      objectReference: {fileID: 0}
    - target: {fileID: 1471743537596984, guid: 78ddce055a2f9a84297e82c7066d8d25, type: 2}
      propertyPath: m_StaticEditorFlags
      value: 4294967294
      objectReference: {fileID: 0}
    - target: {fileID: 1703997114238666, guid: 78ddce055a2f9a84297e82c7066d8d25, type: 2}
      propertyPath: m_StaticEditorFlags
      value: 4294967294
      objectReference: {fileID: 0}
    - target: {fileID: 1555896225469608, guid: 78ddce055a2f9a84297e82c7066d8d25, type: 2}
      propertyPath: m_StaticEditorFlags
      value: 4294967294
      objectReference: {fileID: 0}
    - target: {fileID: 1862757304604490, guid: 78ddce055a2f9a84297e82c7066d8d25, type: 2}
      propertyPath: m_StaticEditorFlags
      value: 4294967294
      objectReference: {fileID: 0}
    - target: {fileID: 1414313098592486, guid: 78ddce055a2f9a84297e82c7066d8d25, type: 2}
      propertyPath: m_StaticEditorFlags
      value: 4294967294
      objectReference: {fileID: 0}
    - target: {fileID: 1461953372818380, guid: 78ddce055a2f9a84297e82c7066d8d25, type: 2}
      propertyPath: m_StaticEditorFlags
      value: 4294967294
      objectReference: {fileID: 0}
    - target: {fileID: 1138507962382226, guid: 78ddce055a2f9a84297e82c7066d8d25, type: 2}
      propertyPath: m_StaticEditorFlags
      value: 4294967294
      objectReference: {fileID: 0}
    - target: {fileID: 1497853638514648, guid: 78ddce055a2f9a84297e82c7066d8d25, type: 2}
      propertyPath: m_StaticEditorFlags
      value: 4294967294
      objectReference: {fileID: 0}
    - target: {fileID: 1584825625557572, guid: 78ddce055a2f9a84297e82c7066d8d25, type: 2}
      propertyPath: m_StaticEditorFlags
      value: 4294967294
      objectReference: {fileID: 0}
    - target: {fileID: 1131776071026378, guid: 78ddce055a2f9a84297e82c7066d8d25, type: 2}
      propertyPath: m_StaticEditorFlags
      value: 4294967294
      objectReference: {fileID: 0}
    - target: {fileID: 1629043812663212, guid: 78ddce055a2f9a84297e82c7066d8d25, type: 2}
      propertyPath: m_StaticEditorFlags
      value: 4294967294
      objectReference: {fileID: 0}
    - target: {fileID: 1348223624848474, guid: 78ddce055a2f9a84297e82c7066d8d25, type: 2}
      propertyPath: m_StaticEditorFlags
      value: 4294967294
      objectReference: {fileID: 0}
    - target: {fileID: 1979353182523678, guid: 78ddce055a2f9a84297e82c7066d8d25, type: 2}
      propertyPath: m_StaticEditorFlags
      value: 4294967294
      objectReference: {fileID: 0}
    - target: {fileID: 1583537584827854, guid: 78ddce055a2f9a84297e82c7066d8d25, type: 2}
      propertyPath: m_StaticEditorFlags
      value: 4294967294
      objectReference: {fileID: 0}
    - target: {fileID: 1776851067707738, guid: 78ddce055a2f9a84297e82c7066d8d25, type: 2}
      propertyPath: m_StaticEditorFlags
      value: 4294967294
      objectReference: {fileID: 0}
    - target: {fileID: 1867104235773134, guid: 78ddce055a2f9a84297e82c7066d8d25, type: 2}
      propertyPath: m_StaticEditorFlags
      value: 4294967294
      objectReference: {fileID: 0}
    - target: {fileID: 1644811347109676, guid: 78ddce055a2f9a84297e82c7066d8d25, type: 2}
      propertyPath: m_StaticEditorFlags
      value: 4294967294
      objectReference: {fileID: 0}
    - target: {fileID: 1619401108926908, guid: 78ddce055a2f9a84297e82c7066d8d25, type: 2}
      propertyPath: m_StaticEditorFlags
      value: 4294967294
      objectReference: {fileID: 0}
    - target: {fileID: 1348885580914902, guid: 78ddce055a2f9a84297e82c7066d8d25, type: 2}
      propertyPath: m_StaticEditorFlags
      value: 4294967294
      objectReference: {fileID: 0}
    - target: {fileID: 1277712769168244, guid: 78ddce055a2f9a84297e82c7066d8d25, type: 2}
      propertyPath: m_StaticEditorFlags
      value: 4294967294
      objectReference: {fileID: 0}
    - target: {fileID: 1451310030388718, guid: 78ddce055a2f9a84297e82c7066d8d25, type: 2}
      propertyPath: m_StaticEditorFlags
      value: 4294967294
      objectReference: {fileID: 0}
    - target: {fileID: 1237689191531880, guid: 78ddce055a2f9a84297e82c7066d8d25, type: 2}
      propertyPath: m_StaticEditorFlags
      value: 4294967294
      objectReference: {fileID: 0}
    - target: {fileID: 1891449619459770, guid: 78ddce055a2f9a84297e82c7066d8d25, type: 2}
      propertyPath: m_StaticEditorFlags
      value: 4294967294
      objectReference: {fileID: 0}
    - target: {fileID: 1344613411272126, guid: 78ddce055a2f9a84297e82c7066d8d25, type: 2}
      propertyPath: m_StaticEditorFlags
      value: 4294967294
      objectReference: {fileID: 0}
    - target: {fileID: 1430821910081462, guid: 78ddce055a2f9a84297e82c7066d8d25, type: 2}
      propertyPath: m_StaticEditorFlags
      value: 4294967294
      objectReference: {fileID: 0}
    - target: {fileID: 1566171178114390, guid: 78ddce055a2f9a84297e82c7066d8d25, type: 2}
      propertyPath: m_StaticEditorFlags
      value: 4294967294
      objectReference: {fileID: 0}
    - target: {fileID: 1861415175050896, guid: 78ddce055a2f9a84297e82c7066d8d25, type: 2}
      propertyPath: m_StaticEditorFlags
      value: 4294967294
      objectReference: {fileID: 0}
    - target: {fileID: 1458273923220082, guid: 78ddce055a2f9a84297e82c7066d8d25, type: 2}
      propertyPath: m_StaticEditorFlags
      value: 4294967294
      objectReference: {fileID: 0}
    - target: {fileID: 1029852915894666, guid: 78ddce055a2f9a84297e82c7066d8d25, type: 2}
      propertyPath: m_StaticEditorFlags
      value: 4294967294
      objectReference: {fileID: 0}
    - target: {fileID: 1032044770050400, guid: 78ddce055a2f9a84297e82c7066d8d25, type: 2}
      propertyPath: m_StaticEditorFlags
      value: 4294967294
      objectReference: {fileID: 0}
    - target: {fileID: 1768357161406560, guid: 78ddce055a2f9a84297e82c7066d8d25, type: 2}
      propertyPath: m_StaticEditorFlags
      value: 4294967294
      objectReference: {fileID: 0}
    - target: {fileID: 1100188036225672, guid: 78ddce055a2f9a84297e82c7066d8d25, type: 2}
      propertyPath: m_StaticEditorFlags
      value: 4294967294
      objectReference: {fileID: 0}
    - target: {fileID: 1226751249258164, guid: 78ddce055a2f9a84297e82c7066d8d25, type: 2}
      propertyPath: m_StaticEditorFlags
      value: 4294967294
      objectReference: {fileID: 0}
    - target: {fileID: 1805532273909194, guid: 78ddce055a2f9a84297e82c7066d8d25, type: 2}
      propertyPath: m_StaticEditorFlags
      value: 4294967294
      objectReference: {fileID: 0}
    - target: {fileID: 1954752315009192, guid: 78ddce055a2f9a84297e82c7066d8d25, type: 2}
      propertyPath: m_StaticEditorFlags
      value: 4294967294
      objectReference: {fileID: 0}
    - target: {fileID: 1104832790232686, guid: 78ddce055a2f9a84297e82c7066d8d25, type: 2}
      propertyPath: m_StaticEditorFlags
      value: 4294967294
      objectReference: {fileID: 0}
    - target: {fileID: 1846392766218612, guid: 78ddce055a2f9a84297e82c7066d8d25, type: 2}
      propertyPath: m_StaticEditorFlags
      value: 4294967294
      objectReference: {fileID: 0}
    - target: {fileID: 1110953385864178, guid: 78ddce055a2f9a84297e82c7066d8d25, type: 2}
      propertyPath: m_StaticEditorFlags
      value: 4294967294
      objectReference: {fileID: 0}
    - target: {fileID: 1950695505071594, guid: 78ddce055a2f9a84297e82c7066d8d25, type: 2}
      propertyPath: m_StaticEditorFlags
      value: 4294967294
      objectReference: {fileID: 0}
    - target: {fileID: 1788659275203818, guid: 78ddce055a2f9a84297e82c7066d8d25, type: 2}
      propertyPath: m_StaticEditorFlags
      value: 4294967294
      objectReference: {fileID: 0}
    - target: {fileID: 1123006586998894, guid: 78ddce055a2f9a84297e82c7066d8d25, type: 2}
      propertyPath: m_StaticEditorFlags
      value: 4294967294
      objectReference: {fileID: 0}
    - target: {fileID: 1557396466987248, guid: 78ddce055a2f9a84297e82c7066d8d25, type: 2}
      propertyPath: m_StaticEditorFlags
      value: 4294967294
      objectReference: {fileID: 0}
    - target: {fileID: 1382233376539912, guid: 78ddce055a2f9a84297e82c7066d8d25, type: 2}
      propertyPath: m_StaticEditorFlags
      value: 4294967294
      objectReference: {fileID: 0}
    - target: {fileID: 1655175244678152, guid: 78ddce055a2f9a84297e82c7066d8d25, type: 2}
      propertyPath: m_StaticEditorFlags
      value: 4294967294
      objectReference: {fileID: 0}
    - target: {fileID: 1885316369390208, guid: 78ddce055a2f9a84297e82c7066d8d25, type: 2}
      propertyPath: m_StaticEditorFlags
      value: 4294967294
      objectReference: {fileID: 0}
    - target: {fileID: 1687017359860970, guid: 78ddce055a2f9a84297e82c7066d8d25, type: 2}
      propertyPath: m_StaticEditorFlags
      value: 4294967294
      objectReference: {fileID: 0}
    - target: {fileID: 1062950381885200, guid: 78ddce055a2f9a84297e82c7066d8d25, type: 2}
      propertyPath: m_StaticEditorFlags
      value: 4294967294
      objectReference: {fileID: 0}
    - target: {fileID: 1871492076230018, guid: 78ddce055a2f9a84297e82c7066d8d25, type: 2}
      propertyPath: m_StaticEditorFlags
      value: 4294967294
      objectReference: {fileID: 0}
    - target: {fileID: 1352869048753964, guid: 78ddce055a2f9a84297e82c7066d8d25, type: 2}
      propertyPath: m_StaticEditorFlags
      value: 4294967294
      objectReference: {fileID: 0}
    - target: {fileID: 1740482712748710, guid: 78ddce055a2f9a84297e82c7066d8d25, type: 2}
      propertyPath: m_StaticEditorFlags
      value: 4294967294
      objectReference: {fileID: 0}
    - target: {fileID: 1113243274335594, guid: 78ddce055a2f9a84297e82c7066d8d25, type: 2}
      propertyPath: m_StaticEditorFlags
      value: 4294967294
      objectReference: {fileID: 0}
    - target: {fileID: 1361796342163108, guid: 78ddce055a2f9a84297e82c7066d8d25, type: 2}
      propertyPath: m_StaticEditorFlags
      value: 4294967294
      objectReference: {fileID: 0}
    - target: {fileID: 1947865192275202, guid: 78ddce055a2f9a84297e82c7066d8d25, type: 2}
      propertyPath: m_StaticEditorFlags
      value: 4294967294
      objectReference: {fileID: 0}
    - target: {fileID: 1389096209356712, guid: 78ddce055a2f9a84297e82c7066d8d25, type: 2}
      propertyPath: m_StaticEditorFlags
      value: 4294967294
      objectReference: {fileID: 0}
    - target: {fileID: 1240805396763396, guid: 78ddce055a2f9a84297e82c7066d8d25, type: 2}
      propertyPath: m_StaticEditorFlags
      value: 4294967294
      objectReference: {fileID: 0}
    - target: {fileID: 1814960333334736, guid: 78ddce055a2f9a84297e82c7066d8d25, type: 2}
      propertyPath: m_StaticEditorFlags
      value: 4294967294
      objectReference: {fileID: 0}
    - target: {fileID: 1698455928335520, guid: 78ddce055a2f9a84297e82c7066d8d25, type: 2}
      propertyPath: m_StaticEditorFlags
      value: 4294967294
      objectReference: {fileID: 0}
    - target: {fileID: 1571943077873994, guid: 78ddce055a2f9a84297e82c7066d8d25, type: 2}
      propertyPath: m_StaticEditorFlags
      value: 4294967294
      objectReference: {fileID: 0}
    - target: {fileID: 1029223145448798, guid: 78ddce055a2f9a84297e82c7066d8d25, type: 2}
      propertyPath: m_StaticEditorFlags
      value: 4294967294
      objectReference: {fileID: 0}
    - target: {fileID: 1919789959536498, guid: 78ddce055a2f9a84297e82c7066d8d25, type: 2}
      propertyPath: m_StaticEditorFlags
      value: 4294967294
      objectReference: {fileID: 0}
    - target: {fileID: 1578198055186234, guid: 78ddce055a2f9a84297e82c7066d8d25, type: 2}
      propertyPath: m_StaticEditorFlags
      value: 4294967294
      objectReference: {fileID: 0}
    - target: {fileID: 1419626757259786, guid: 78ddce055a2f9a84297e82c7066d8d25, type: 2}
      propertyPath: m_StaticEditorFlags
      value: 4294967294
      objectReference: {fileID: 0}
    - target: {fileID: 1522554742438794, guid: 78ddce055a2f9a84297e82c7066d8d25, type: 2}
      propertyPath: m_StaticEditorFlags
      value: 4294967294
      objectReference: {fileID: 0}
    - target: {fileID: 1000145772493970, guid: 78ddce055a2f9a84297e82c7066d8d25, type: 2}
      propertyPath: m_StaticEditorFlags
      value: 4294967294
      objectReference: {fileID: 0}
    - target: {fileID: 1402656889700836, guid: 78ddce055a2f9a84297e82c7066d8d25, type: 2}
      propertyPath: m_StaticEditorFlags
      value: 4294967294
      objectReference: {fileID: 0}
    - target: {fileID: 1873544937452820, guid: 78ddce055a2f9a84297e82c7066d8d25, type: 2}
      propertyPath: m_StaticEditorFlags
      value: 4294967294
      objectReference: {fileID: 0}
    - target: {fileID: 1146636289012208, guid: 78ddce055a2f9a84297e82c7066d8d25, type: 2}
      propertyPath: m_StaticEditorFlags
      value: 4294967294
      objectReference: {fileID: 0}
    - target: {fileID: 1751205249032732, guid: 78ddce055a2f9a84297e82c7066d8d25, type: 2}
      propertyPath: m_StaticEditorFlags
      value: 4294967294
      objectReference: {fileID: 0}
    - target: {fileID: 1343564779938310, guid: 78ddce055a2f9a84297e82c7066d8d25, type: 2}
      propertyPath: m_StaticEditorFlags
      value: 4294967294
      objectReference: {fileID: 0}
    - target: {fileID: 1550323088786266, guid: 78ddce055a2f9a84297e82c7066d8d25, type: 2}
      propertyPath: m_StaticEditorFlags
      value: 4294967294
      objectReference: {fileID: 0}
    - target: {fileID: 1212791784288334, guid: 78ddce055a2f9a84297e82c7066d8d25, type: 2}
      propertyPath: m_StaticEditorFlags
      value: 4294967294
      objectReference: {fileID: 0}
    - target: {fileID: 1605826992008808, guid: 78ddce055a2f9a84297e82c7066d8d25, type: 2}
      propertyPath: m_StaticEditorFlags
      value: 4294967294
      objectReference: {fileID: 0}
    - target: {fileID: 1448877672857032, guid: 78ddce055a2f9a84297e82c7066d8d25, type: 2}
      propertyPath: m_StaticEditorFlags
      value: 4294967294
      objectReference: {fileID: 0}
    - target: {fileID: 1907488975660394, guid: 78ddce055a2f9a84297e82c7066d8d25, type: 2}
      propertyPath: m_StaticEditorFlags
      value: 4294967294
      objectReference: {fileID: 0}
    - target: {fileID: 1692115346829780, guid: 78ddce055a2f9a84297e82c7066d8d25, type: 2}
      propertyPath: m_StaticEditorFlags
      value: 4294967294
      objectReference: {fileID: 0}
    - target: {fileID: 1558386537129466, guid: 78ddce055a2f9a84297e82c7066d8d25, type: 2}
      propertyPath: m_StaticEditorFlags
      value: 4294967294
      objectReference: {fileID: 0}
    - target: {fileID: 1954809422969296, guid: 78ddce055a2f9a84297e82c7066d8d25, type: 2}
      propertyPath: m_StaticEditorFlags
      value: 4294967294
      objectReference: {fileID: 0}
    - target: {fileID: 1979079177195774, guid: 78ddce055a2f9a84297e82c7066d8d25, type: 2}
      propertyPath: m_StaticEditorFlags
      value: 4294967294
      objectReference: {fileID: 0}
    - target: {fileID: 1441020082146256, guid: 78ddce055a2f9a84297e82c7066d8d25, type: 2}
      propertyPath: m_StaticEditorFlags
      value: 4294967294
      objectReference: {fileID: 0}
    - target: {fileID: 1697097265555286, guid: 78ddce055a2f9a84297e82c7066d8d25, type: 2}
      propertyPath: m_StaticEditorFlags
      value: 4294967294
      objectReference: {fileID: 0}
    - target: {fileID: 1462128372142108, guid: 78ddce055a2f9a84297e82c7066d8d25, type: 2}
      propertyPath: m_StaticEditorFlags
      value: 4294967294
      objectReference: {fileID: 0}
    - target: {fileID: 1134574227443518, guid: 78ddce055a2f9a84297e82c7066d8d25, type: 2}
      propertyPath: m_StaticEditorFlags
      value: 4294967294
      objectReference: {fileID: 0}
    - target: {fileID: 1292878686823734, guid: 78ddce055a2f9a84297e82c7066d8d25, type: 2}
      propertyPath: m_StaticEditorFlags
      value: 4294967294
      objectReference: {fileID: 0}
    - target: {fileID: 1313535141586288, guid: 78ddce055a2f9a84297e82c7066d8d25, type: 2}
      propertyPath: m_StaticEditorFlags
      value: 4294967294
      objectReference: {fileID: 0}
    - target: {fileID: 1611562130436026, guid: 78ddce055a2f9a84297e82c7066d8d25, type: 2}
      propertyPath: m_StaticEditorFlags
      value: 4294967294
      objectReference: {fileID: 0}
    - target: {fileID: 1832321996860590, guid: 78ddce055a2f9a84297e82c7066d8d25, type: 2}
      propertyPath: m_StaticEditorFlags
      value: 4294967294
      objectReference: {fileID: 0}
    - target: {fileID: 1049677062185398, guid: 78ddce055a2f9a84297e82c7066d8d25, type: 2}
      propertyPath: m_StaticEditorFlags
      value: 4294967294
      objectReference: {fileID: 0}
    - target: {fileID: 1197436843689356, guid: 78ddce055a2f9a84297e82c7066d8d25, type: 2}
      propertyPath: m_StaticEditorFlags
      value: 4294967294
      objectReference: {fileID: 0}
    - target: {fileID: 1092824311115414, guid: 78ddce055a2f9a84297e82c7066d8d25, type: 2}
      propertyPath: m_StaticEditorFlags
      value: 4294967294
      objectReference: {fileID: 0}
    - target: {fileID: 1810119134525720, guid: 78ddce055a2f9a84297e82c7066d8d25, type: 2}
      propertyPath: m_StaticEditorFlags
      value: 4294967294
      objectReference: {fileID: 0}
    - target: {fileID: 1756234999226088, guid: 78ddce055a2f9a84297e82c7066d8d25, type: 2}
      propertyPath: m_StaticEditorFlags
      value: 4294967294
      objectReference: {fileID: 0}
    - target: {fileID: 1685635339997626, guid: 78ddce055a2f9a84297e82c7066d8d25, type: 2}
      propertyPath: m_StaticEditorFlags
      value: 4294967294
      objectReference: {fileID: 0}
    - target: {fileID: 1055252363862982, guid: 78ddce055a2f9a84297e82c7066d8d25, type: 2}
      propertyPath: m_StaticEditorFlags
      value: 4294967294
      objectReference: {fileID: 0}
    - target: {fileID: 1670012483077616, guid: 78ddce055a2f9a84297e82c7066d8d25, type: 2}
      propertyPath: m_StaticEditorFlags
      value: 4294967294
      objectReference: {fileID: 0}
    - target: {fileID: 1942605128993052, guid: 78ddce055a2f9a84297e82c7066d8d25, type: 2}
      propertyPath: m_StaticEditorFlags
      value: 4294967294
      objectReference: {fileID: 0}
    - target: {fileID: 1936376969724392, guid: 78ddce055a2f9a84297e82c7066d8d25, type: 2}
      propertyPath: m_StaticEditorFlags
      value: 4294967294
      objectReference: {fileID: 0}
    - target: {fileID: 1033351917713312, guid: 78ddce055a2f9a84297e82c7066d8d25, type: 2}
      propertyPath: m_StaticEditorFlags
      value: 4294967294
      objectReference: {fileID: 0}
    - target: {fileID: 1203323132253154, guid: 78ddce055a2f9a84297e82c7066d8d25, type: 2}
      propertyPath: m_StaticEditorFlags
      value: 4294967294
      objectReference: {fileID: 0}
    - target: {fileID: 1039814955531758, guid: 78ddce055a2f9a84297e82c7066d8d25, type: 2}
      propertyPath: m_StaticEditorFlags
      value: 4294967294
      objectReference: {fileID: 0}
    - target: {fileID: 1724285646072088, guid: 78ddce055a2f9a84297e82c7066d8d25, type: 2}
      propertyPath: m_StaticEditorFlags
      value: 4294967294
      objectReference: {fileID: 0}
    - target: {fileID: 1301178123217914, guid: 78ddce055a2f9a84297e82c7066d8d25, type: 2}
      propertyPath: m_StaticEditorFlags
      value: 4294967294
      objectReference: {fileID: 0}
    - target: {fileID: 1649937253097822, guid: 78ddce055a2f9a84297e82c7066d8d25, type: 2}
      propertyPath: m_StaticEditorFlags
      value: 4294967294
      objectReference: {fileID: 0}
    - target: {fileID: 1391032762189330, guid: 78ddce055a2f9a84297e82c7066d8d25, type: 2}
      propertyPath: m_StaticEditorFlags
      value: 4294967294
      objectReference: {fileID: 0}
    - target: {fileID: 1974095404848646, guid: 78ddce055a2f9a84297e82c7066d8d25, type: 2}
      propertyPath: m_StaticEditorFlags
      value: 4294967294
      objectReference: {fileID: 0}
    - target: {fileID: 1962054106421390, guid: 78ddce055a2f9a84297e82c7066d8d25, type: 2}
      propertyPath: m_StaticEditorFlags
      value: 4294967294
      objectReference: {fileID: 0}
    - target: {fileID: 1424656399365810, guid: 78ddce055a2f9a84297e82c7066d8d25, type: 2}
      propertyPath: m_StaticEditorFlags
      value: 4294967294
      objectReference: {fileID: 0}
    - target: {fileID: 1803816705124504, guid: 78ddce055a2f9a84297e82c7066d8d25, type: 2}
      propertyPath: m_StaticEditorFlags
      value: 4294967294
      objectReference: {fileID: 0}
    - target: {fileID: 1401682092847138, guid: 78ddce055a2f9a84297e82c7066d8d25, type: 2}
      propertyPath: m_StaticEditorFlags
      value: 4294967294
      objectReference: {fileID: 0}
    - target: {fileID: 1681057646615422, guid: 78ddce055a2f9a84297e82c7066d8d25, type: 2}
      propertyPath: m_StaticEditorFlags
      value: 4294967294
      objectReference: {fileID: 0}
    - target: {fileID: 1885732391061472, guid: 78ddce055a2f9a84297e82c7066d8d25, type: 2}
      propertyPath: m_StaticEditorFlags
      value: 4294967294
      objectReference: {fileID: 0}
    - target: {fileID: 1428975268212534, guid: 78ddce055a2f9a84297e82c7066d8d25, type: 2}
      propertyPath: m_StaticEditorFlags
      value: 4294967294
      objectReference: {fileID: 0}
    - target: {fileID: 1492391945259022, guid: 78ddce055a2f9a84297e82c7066d8d25, type: 2}
      propertyPath: m_StaticEditorFlags
      value: 4294967294
      objectReference: {fileID: 0}
    - target: {fileID: 1121476297962070, guid: 78ddce055a2f9a84297e82c7066d8d25, type: 2}
      propertyPath: m_StaticEditorFlags
      value: 4294967294
      objectReference: {fileID: 0}
    - target: {fileID: 1402892948225614, guid: 78ddce055a2f9a84297e82c7066d8d25, type: 2}
      propertyPath: m_StaticEditorFlags
      value: 4294967294
      objectReference: {fileID: 0}
    - target: {fileID: 1842662493617696, guid: 78ddce055a2f9a84297e82c7066d8d25, type: 2}
      propertyPath: m_StaticEditorFlags
      value: 4294967294
      objectReference: {fileID: 0}
    - target: {fileID: 1460413945877856, guid: 78ddce055a2f9a84297e82c7066d8d25, type: 2}
      propertyPath: m_StaticEditorFlags
      value: 4294967294
      objectReference: {fileID: 0}
    - target: {fileID: 1425588500802922, guid: 78ddce055a2f9a84297e82c7066d8d25, type: 2}
      propertyPath: m_StaticEditorFlags
      value: 4294967294
      objectReference: {fileID: 0}
    - target: {fileID: 1983800071346892, guid: 78ddce055a2f9a84297e82c7066d8d25, type: 2}
      propertyPath: m_StaticEditorFlags
      value: 4294967294
      objectReference: {fileID: 0}
    - target: {fileID: 1886078027798770, guid: 78ddce055a2f9a84297e82c7066d8d25, type: 2}
      propertyPath: m_StaticEditorFlags
      value: 4294967294
      objectReference: {fileID: 0}
    - target: {fileID: 1203124072350664, guid: 78ddce055a2f9a84297e82c7066d8d25, type: 2}
      propertyPath: m_StaticEditorFlags
      value: 4294967294
      objectReference: {fileID: 0}
    - target: {fileID: 1785788866592614, guid: 78ddce055a2f9a84297e82c7066d8d25, type: 2}
      propertyPath: m_StaticEditorFlags
      value: 4294967294
      objectReference: {fileID: 0}
    - target: {fileID: 1090890660175620, guid: 78ddce055a2f9a84297e82c7066d8d25, type: 2}
      propertyPath: m_StaticEditorFlags
      value: 4294967294
      objectReference: {fileID: 0}
    - target: {fileID: 1389448504338502, guid: 78ddce055a2f9a84297e82c7066d8d25, type: 2}
      propertyPath: m_StaticEditorFlags
      value: 4294967294
      objectReference: {fileID: 0}
    - target: {fileID: 1419215398511514, guid: 78ddce055a2f9a84297e82c7066d8d25, type: 2}
      propertyPath: m_StaticEditorFlags
      value: 4294967294
      objectReference: {fileID: 0}
    - target: {fileID: 1131843579451246, guid: 78ddce055a2f9a84297e82c7066d8d25, type: 2}
      propertyPath: m_StaticEditorFlags
      value: 4294967294
      objectReference: {fileID: 0}
    - target: {fileID: 1293874679288328, guid: 78ddce055a2f9a84297e82c7066d8d25, type: 2}
      propertyPath: m_StaticEditorFlags
      value: 4294967294
      objectReference: {fileID: 0}
    - target: {fileID: 1623494619362584, guid: 78ddce055a2f9a84297e82c7066d8d25, type: 2}
      propertyPath: m_StaticEditorFlags
      value: 4294967294
      objectReference: {fileID: 0}
    - target: {fileID: 1798486066249962, guid: 78ddce055a2f9a84297e82c7066d8d25, type: 2}
      propertyPath: m_StaticEditorFlags
      value: 4294967294
      objectReference: {fileID: 0}
    - target: {fileID: 1222356482738392, guid: 78ddce055a2f9a84297e82c7066d8d25, type: 2}
      propertyPath: m_StaticEditorFlags
      value: 4294967294
      objectReference: {fileID: 0}
    - target: {fileID: 1033354017647562, guid: 78ddce055a2f9a84297e82c7066d8d25, type: 2}
      propertyPath: m_StaticEditorFlags
      value: 4294967294
      objectReference: {fileID: 0}
    - target: {fileID: 1274296283048820, guid: 78ddce055a2f9a84297e82c7066d8d25, type: 2}
      propertyPath: m_StaticEditorFlags
      value: 4294967294
      objectReference: {fileID: 0}
    - target: {fileID: 1043799645488642, guid: 78ddce055a2f9a84297e82c7066d8d25, type: 2}
      propertyPath: m_StaticEditorFlags
      value: 4294967294
      objectReference: {fileID: 0}
    - target: {fileID: 1056365530535276, guid: 78ddce055a2f9a84297e82c7066d8d25, type: 2}
      propertyPath: m_StaticEditorFlags
      value: 4294967294
      objectReference: {fileID: 0}
    - target: {fileID: 1007623775743576, guid: 78ddce055a2f9a84297e82c7066d8d25, type: 2}
      propertyPath: m_StaticEditorFlags
      value: 4294967294
      objectReference: {fileID: 0}
    - target: {fileID: 1703332593754456, guid: 78ddce055a2f9a84297e82c7066d8d25, type: 2}
      propertyPath: m_StaticEditorFlags
      value: 4294967294
      objectReference: {fileID: 0}
    - target: {fileID: 1404217415532792, guid: 78ddce055a2f9a84297e82c7066d8d25, type: 2}
      propertyPath: m_StaticEditorFlags
      value: 4294967294
      objectReference: {fileID: 0}
    - target: {fileID: 1104729838475916, guid: 78ddce055a2f9a84297e82c7066d8d25, type: 2}
      propertyPath: m_StaticEditorFlags
      value: 4294967294
      objectReference: {fileID: 0}
    - target: {fileID: 1670574601274156, guid: 78ddce055a2f9a84297e82c7066d8d25, type: 2}
      propertyPath: m_StaticEditorFlags
      value: 4294967294
      objectReference: {fileID: 0}
    - target: {fileID: 1586886531017852, guid: 78ddce055a2f9a84297e82c7066d8d25, type: 2}
      propertyPath: m_StaticEditorFlags
      value: 4294967294
      objectReference: {fileID: 0}
    - target: {fileID: 1696882947644836, guid: 78ddce055a2f9a84297e82c7066d8d25, type: 2}
      propertyPath: m_StaticEditorFlags
      value: 4294967294
      objectReference: {fileID: 0}
    - target: {fileID: 1890534835010944, guid: 78ddce055a2f9a84297e82c7066d8d25, type: 2}
      propertyPath: m_StaticEditorFlags
      value: 4294967294
      objectReference: {fileID: 0}
    - target: {fileID: 1195186374839934, guid: 78ddce055a2f9a84297e82c7066d8d25, type: 2}
      propertyPath: m_StaticEditorFlags
      value: 4294967294
      objectReference: {fileID: 0}
    - target: {fileID: 1020322282098936, guid: 78ddce055a2f9a84297e82c7066d8d25, type: 2}
      propertyPath: m_StaticEditorFlags
      value: 4294967294
      objectReference: {fileID: 0}
    - target: {fileID: 1826538554341074, guid: 78ddce055a2f9a84297e82c7066d8d25, type: 2}
      propertyPath: m_StaticEditorFlags
      value: 4294967294
      objectReference: {fileID: 0}
    - target: {fileID: 1385781701239006, guid: 78ddce055a2f9a84297e82c7066d8d25, type: 2}
      propertyPath: m_StaticEditorFlags
      value: 4294967294
      objectReference: {fileID: 0}
    - target: {fileID: 1818201942328596, guid: 78ddce055a2f9a84297e82c7066d8d25, type: 2}
      propertyPath: m_StaticEditorFlags
      value: 4294967294
      objectReference: {fileID: 0}
    - target: {fileID: 1724883995224482, guid: 78ddce055a2f9a84297e82c7066d8d25, type: 2}
      propertyPath: m_StaticEditorFlags
      value: 4294967294
      objectReference: {fileID: 0}
    - target: {fileID: 1920621719067312, guid: 78ddce055a2f9a84297e82c7066d8d25, type: 2}
      propertyPath: m_StaticEditorFlags
      value: 4294967294
      objectReference: {fileID: 0}
    - target: {fileID: 1059075390608934, guid: 78ddce055a2f9a84297e82c7066d8d25, type: 2}
      propertyPath: m_StaticEditorFlags
      value: 4294967294
      objectReference: {fileID: 0}
    - target: {fileID: 1256605968379598, guid: 78ddce055a2f9a84297e82c7066d8d25, type: 2}
      propertyPath: m_StaticEditorFlags
      value: 4294967294
      objectReference: {fileID: 0}
    - target: {fileID: 1533284260111016, guid: 78ddce055a2f9a84297e82c7066d8d25, type: 2}
      propertyPath: m_StaticEditorFlags
      value: 4294967294
      objectReference: {fileID: 0}
    - target: {fileID: 1075325617634408, guid: 78ddce055a2f9a84297e82c7066d8d25, type: 2}
      propertyPath: m_StaticEditorFlags
      value: 4294967294
      objectReference: {fileID: 0}
    - target: {fileID: 1637843041258280, guid: 78ddce055a2f9a84297e82c7066d8d25, type: 2}
      propertyPath: m_StaticEditorFlags
      value: 4294967294
      objectReference: {fileID: 0}
    - target: {fileID: 1117195745621946, guid: 78ddce055a2f9a84297e82c7066d8d25, type: 2}
      propertyPath: m_StaticEditorFlags
      value: 4294967294
      objectReference: {fileID: 0}
    - target: {fileID: 1653501260537766, guid: 78ddce055a2f9a84297e82c7066d8d25, type: 2}
      propertyPath: m_StaticEditorFlags
      value: 4294967294
      objectReference: {fileID: 0}
    - target: {fileID: 1009748865874268, guid: 78ddce055a2f9a84297e82c7066d8d25, type: 2}
      propertyPath: m_StaticEditorFlags
      value: 4294967294
      objectReference: {fileID: 0}
    - target: {fileID: 1518233501008084, guid: 78ddce055a2f9a84297e82c7066d8d25, type: 2}
      propertyPath: m_StaticEditorFlags
      value: 4294967294
      objectReference: {fileID: 0}
    - target: {fileID: 1194270680668106, guid: 78ddce055a2f9a84297e82c7066d8d25, type: 2}
      propertyPath: m_StaticEditorFlags
      value: 4294967294
      objectReference: {fileID: 0}
    - target: {fileID: 1519203943134962, guid: 78ddce055a2f9a84297e82c7066d8d25, type: 2}
      propertyPath: m_StaticEditorFlags
      value: 4294967294
      objectReference: {fileID: 0}
    - target: {fileID: 1996029378146864, guid: 78ddce055a2f9a84297e82c7066d8d25, type: 2}
      propertyPath: m_StaticEditorFlags
      value: 4294967294
      objectReference: {fileID: 0}
    - target: {fileID: 1677465317639752, guid: 78ddce055a2f9a84297e82c7066d8d25, type: 2}
      propertyPath: m_StaticEditorFlags
      value: 4294967294
      objectReference: {fileID: 0}
    - target: {fileID: 1067862211050560, guid: 78ddce055a2f9a84297e82c7066d8d25, type: 2}
      propertyPath: m_StaticEditorFlags
      value: 4294967294
      objectReference: {fileID: 0}
    - target: {fileID: 1677045582989478, guid: 78ddce055a2f9a84297e82c7066d8d25, type: 2}
      propertyPath: m_StaticEditorFlags
      value: 4294967294
      objectReference: {fileID: 0}
    - target: {fileID: 1641558983582636, guid: 78ddce055a2f9a84297e82c7066d8d25, type: 2}
      propertyPath: m_StaticEditorFlags
      value: 4294967294
      objectReference: {fileID: 0}
    - target: {fileID: 1594820646122082, guid: 78ddce055a2f9a84297e82c7066d8d25, type: 2}
      propertyPath: m_StaticEditorFlags
      value: 4294967294
      objectReference: {fileID: 0}
    - target: {fileID: 1925281415644928, guid: 78ddce055a2f9a84297e82c7066d8d25, type: 2}
      propertyPath: m_StaticEditorFlags
      value: 4294967294
      objectReference: {fileID: 0}
    - target: {fileID: 1213596264715952, guid: 78ddce055a2f9a84297e82c7066d8d25, type: 2}
      propertyPath: m_StaticEditorFlags
      value: 4294967294
      objectReference: {fileID: 0}
    - target: {fileID: 1365132211340104, guid: 78ddce055a2f9a84297e82c7066d8d25, type: 2}
      propertyPath: m_StaticEditorFlags
      value: 4294967294
      objectReference: {fileID: 0}
    - target: {fileID: 1868889829301592, guid: 78ddce055a2f9a84297e82c7066d8d25, type: 2}
      propertyPath: m_StaticEditorFlags
      value: 4294967294
      objectReference: {fileID: 0}
    - target: {fileID: 1157992779250084, guid: 78ddce055a2f9a84297e82c7066d8d25, type: 2}
      propertyPath: m_StaticEditorFlags
      value: 4294967294
      objectReference: {fileID: 0}
    - target: {fileID: 1843672134749916, guid: 78ddce055a2f9a84297e82c7066d8d25, type: 2}
      propertyPath: m_StaticEditorFlags
      value: 4294967294
      objectReference: {fileID: 0}
    - target: {fileID: 1594803522290370, guid: 78ddce055a2f9a84297e82c7066d8d25, type: 2}
      propertyPath: m_StaticEditorFlags
      value: 4294967294
      objectReference: {fileID: 0}
    - target: {fileID: 1668712725588642, guid: 78ddce055a2f9a84297e82c7066d8d25, type: 2}
      propertyPath: m_StaticEditorFlags
      value: 4294967294
      objectReference: {fileID: 0}
    - target: {fileID: 1806844509035282, guid: 78ddce055a2f9a84297e82c7066d8d25, type: 2}
      propertyPath: m_StaticEditorFlags
      value: 4294967294
      objectReference: {fileID: 0}
    - target: {fileID: 1974167246789346, guid: 78ddce055a2f9a84297e82c7066d8d25, type: 2}
      propertyPath: m_StaticEditorFlags
      value: 4294967294
      objectReference: {fileID: 0}
    - target: {fileID: 1082438538325224, guid: 78ddce055a2f9a84297e82c7066d8d25, type: 2}
      propertyPath: m_StaticEditorFlags
      value: 4294967294
      objectReference: {fileID: 0}
    - target: {fileID: 1775324008047134, guid: 78ddce055a2f9a84297e82c7066d8d25, type: 2}
      propertyPath: m_StaticEditorFlags
      value: 4294967294
      objectReference: {fileID: 0}
    - target: {fileID: 1805961646846488, guid: 78ddce055a2f9a84297e82c7066d8d25, type: 2}
      propertyPath: m_StaticEditorFlags
      value: 4294967294
      objectReference: {fileID: 0}
    - target: {fileID: 1902177212231412, guid: 78ddce055a2f9a84297e82c7066d8d25, type: 2}
      propertyPath: m_StaticEditorFlags
      value: 4294967294
      objectReference: {fileID: 0}
    - target: {fileID: 1739723242117488, guid: 78ddce055a2f9a84297e82c7066d8d25, type: 2}
      propertyPath: m_StaticEditorFlags
      value: 4294967294
      objectReference: {fileID: 0}
    - target: {fileID: 1909981739342532, guid: 78ddce055a2f9a84297e82c7066d8d25, type: 2}
      propertyPath: m_StaticEditorFlags
      value: 4294967294
      objectReference: {fileID: 0}
    - target: {fileID: 1466049733829090, guid: 78ddce055a2f9a84297e82c7066d8d25, type: 2}
      propertyPath: m_StaticEditorFlags
      value: 4294967294
      objectReference: {fileID: 0}
    - target: {fileID: 1976957078026260, guid: 78ddce055a2f9a84297e82c7066d8d25, type: 2}
      propertyPath: m_StaticEditorFlags
      value: 4294967294
      objectReference: {fileID: 0}
    - target: {fileID: 1453198866056666, guid: 78ddce055a2f9a84297e82c7066d8d25, type: 2}
      propertyPath: m_StaticEditorFlags
      value: 4294967294
      objectReference: {fileID: 0}
    - target: {fileID: 1654402159773648, guid: 78ddce055a2f9a84297e82c7066d8d25, type: 2}
      propertyPath: m_StaticEditorFlags
      value: 4294967294
      objectReference: {fileID: 0}
    - target: {fileID: 1159293157309344, guid: 78ddce055a2f9a84297e82c7066d8d25, type: 2}
      propertyPath: m_StaticEditorFlags
      value: 4294967294
      objectReference: {fileID: 0}
    - target: {fileID: 1509176459043948, guid: 78ddce055a2f9a84297e82c7066d8d25, type: 2}
      propertyPath: m_StaticEditorFlags
      value: 4294967294
      objectReference: {fileID: 0}
    - target: {fileID: 1794303361967638, guid: 78ddce055a2f9a84297e82c7066d8d25, type: 2}
      propertyPath: m_StaticEditorFlags
      value: 4294967294
      objectReference: {fileID: 0}
    - target: {fileID: 1224982584222490, guid: 78ddce055a2f9a84297e82c7066d8d25, type: 2}
      propertyPath: m_StaticEditorFlags
      value: 4294967294
      objectReference: {fileID: 0}
    - target: {fileID: 1231502020124318, guid: 78ddce055a2f9a84297e82c7066d8d25, type: 2}
      propertyPath: m_StaticEditorFlags
      value: 4294967294
      objectReference: {fileID: 0}
    - target: {fileID: 1105012037864850, guid: 78ddce055a2f9a84297e82c7066d8d25, type: 2}
      propertyPath: m_StaticEditorFlags
      value: 4294967294
      objectReference: {fileID: 0}
    - target: {fileID: 1894953130176262, guid: 78ddce055a2f9a84297e82c7066d8d25, type: 2}
      propertyPath: m_StaticEditorFlags
      value: 4294967294
      objectReference: {fileID: 0}
    - target: {fileID: 1633137580972940, guid: 78ddce055a2f9a84297e82c7066d8d25, type: 2}
      propertyPath: m_StaticEditorFlags
      value: 4294967294
      objectReference: {fileID: 0}
    - target: {fileID: 1015018346932082, guid: 78ddce055a2f9a84297e82c7066d8d25, type: 2}
      propertyPath: m_StaticEditorFlags
      value: 4294967294
      objectReference: {fileID: 0}
    - target: {fileID: 1293140624729522, guid: 78ddce055a2f9a84297e82c7066d8d25, type: 2}
      propertyPath: m_StaticEditorFlags
      value: 4294967294
      objectReference: {fileID: 0}
    - target: {fileID: 1000027284153228, guid: 78ddce055a2f9a84297e82c7066d8d25, type: 2}
      propertyPath: m_StaticEditorFlags
      value: 4294967294
      objectReference: {fileID: 0}
    - target: {fileID: 1724786361763328, guid: 78ddce055a2f9a84297e82c7066d8d25, type: 2}
      propertyPath: m_StaticEditorFlags
      value: 4294967294
      objectReference: {fileID: 0}
    - target: {fileID: 1035639616351536, guid: 78ddce055a2f9a84297e82c7066d8d25, type: 2}
      propertyPath: m_StaticEditorFlags
      value: 4294967294
      objectReference: {fileID: 0}
    - target: {fileID: 1822129973158134, guid: 78ddce055a2f9a84297e82c7066d8d25, type: 2}
      propertyPath: m_StaticEditorFlags
      value: 4294967294
      objectReference: {fileID: 0}
    - target: {fileID: 1855364414494700, guid: 78ddce055a2f9a84297e82c7066d8d25, type: 2}
      propertyPath: m_StaticEditorFlags
      value: 4294967294
      objectReference: {fileID: 0}
    - target: {fileID: 1789596223494096, guid: 78ddce055a2f9a84297e82c7066d8d25, type: 2}
      propertyPath: m_StaticEditorFlags
      value: 4294967294
      objectReference: {fileID: 0}
    - target: {fileID: 1010359048784602, guid: 78ddce055a2f9a84297e82c7066d8d25, type: 2}
      propertyPath: m_StaticEditorFlags
      value: 4294967294
      objectReference: {fileID: 0}
    - target: {fileID: 1298435372518670, guid: 78ddce055a2f9a84297e82c7066d8d25, type: 2}
      propertyPath: m_StaticEditorFlags
      value: 4294967294
      objectReference: {fileID: 0}
    - target: {fileID: 1517427428712174, guid: 78ddce055a2f9a84297e82c7066d8d25, type: 2}
      propertyPath: m_StaticEditorFlags
      value: 4294967294
      objectReference: {fileID: 0}
    - target: {fileID: 1077923615910676, guid: 78ddce055a2f9a84297e82c7066d8d25, type: 2}
      propertyPath: m_StaticEditorFlags
      value: 4294967294
      objectReference: {fileID: 0}
    - target: {fileID: 1244857064800096, guid: 78ddce055a2f9a84297e82c7066d8d25, type: 2}
      propertyPath: m_StaticEditorFlags
      value: 4294967294
      objectReference: {fileID: 0}
    - target: {fileID: 1335262196573674, guid: 78ddce055a2f9a84297e82c7066d8d25, type: 2}
      propertyPath: m_StaticEditorFlags
      value: 4294967294
      objectReference: {fileID: 0}
    - target: {fileID: 1598755066114356, guid: 78ddce055a2f9a84297e82c7066d8d25, type: 2}
      propertyPath: m_StaticEditorFlags
      value: 4294967294
      objectReference: {fileID: 0}
    - target: {fileID: 1031371634645280, guid: 78ddce055a2f9a84297e82c7066d8d25, type: 2}
      propertyPath: m_StaticEditorFlags
      value: 4294967294
      objectReference: {fileID: 0}
    - target: {fileID: 1795875814151044, guid: 78ddce055a2f9a84297e82c7066d8d25, type: 2}
      propertyPath: m_StaticEditorFlags
      value: 4294967294
      objectReference: {fileID: 0}
    - target: {fileID: 1274298024270894, guid: 78ddce055a2f9a84297e82c7066d8d25, type: 2}
      propertyPath: m_StaticEditorFlags
      value: 4294967294
      objectReference: {fileID: 0}
    - target: {fileID: 1176242048427510, guid: 78ddce055a2f9a84297e82c7066d8d25, type: 2}
      propertyPath: m_StaticEditorFlags
      value: 4294967294
      objectReference: {fileID: 0}
    - target: {fileID: 1163933830460874, guid: 78ddce055a2f9a84297e82c7066d8d25, type: 2}
      propertyPath: m_StaticEditorFlags
      value: 4294967294
      objectReference: {fileID: 0}
    - target: {fileID: 1225357603302384, guid: 78ddce055a2f9a84297e82c7066d8d25, type: 2}
      propertyPath: m_StaticEditorFlags
      value: 4294967294
      objectReference: {fileID: 0}
    - target: {fileID: 1079043949429912, guid: 78ddce055a2f9a84297e82c7066d8d25, type: 2}
      propertyPath: m_StaticEditorFlags
      value: 4294967294
      objectReference: {fileID: 0}
    - target: {fileID: 1777596434844806, guid: 78ddce055a2f9a84297e82c7066d8d25, type: 2}
      propertyPath: m_StaticEditorFlags
      value: 4294967294
      objectReference: {fileID: 0}
    - target: {fileID: 1384394868023034, guid: 78ddce055a2f9a84297e82c7066d8d25, type: 2}
      propertyPath: m_StaticEditorFlags
      value: 4294967294
      objectReference: {fileID: 0}
    - target: {fileID: 1313018261154022, guid: 78ddce055a2f9a84297e82c7066d8d25, type: 2}
      propertyPath: m_StaticEditorFlags
      value: 4294967294
      objectReference: {fileID: 0}
    - target: {fileID: 1773176452013534, guid: 78ddce055a2f9a84297e82c7066d8d25, type: 2}
      propertyPath: m_StaticEditorFlags
      value: 4294967294
      objectReference: {fileID: 0}
    - target: {fileID: 1362696831520070, guid: 78ddce055a2f9a84297e82c7066d8d25, type: 2}
      propertyPath: m_StaticEditorFlags
      value: 4294967294
      objectReference: {fileID: 0}
    - target: {fileID: 1842295425530540, guid: 78ddce055a2f9a84297e82c7066d8d25, type: 2}
      propertyPath: m_StaticEditorFlags
      value: 4294967294
      objectReference: {fileID: 0}
    - target: {fileID: 1725221613761802, guid: 78ddce055a2f9a84297e82c7066d8d25, type: 2}
      propertyPath: m_StaticEditorFlags
      value: 4294967294
      objectReference: {fileID: 0}
    - target: {fileID: 1781083365706484, guid: 78ddce055a2f9a84297e82c7066d8d25, type: 2}
      propertyPath: m_StaticEditorFlags
      value: 4294967294
      objectReference: {fileID: 0}
    - target: {fileID: 1683134384415118, guid: 78ddce055a2f9a84297e82c7066d8d25, type: 2}
      propertyPath: m_StaticEditorFlags
      value: 4294967294
      objectReference: {fileID: 0}
    - target: {fileID: 1291486240040364, guid: 78ddce055a2f9a84297e82c7066d8d25, type: 2}
      propertyPath: m_StaticEditorFlags
      value: 4294967294
      objectReference: {fileID: 0}
    - target: {fileID: 1982842101137794, guid: 78ddce055a2f9a84297e82c7066d8d25, type: 2}
      propertyPath: m_StaticEditorFlags
      value: 4294967294
      objectReference: {fileID: 0}
    - target: {fileID: 1209233076390820, guid: 78ddce055a2f9a84297e82c7066d8d25, type: 2}
      propertyPath: m_StaticEditorFlags
      value: 4294967294
      objectReference: {fileID: 0}
    m_RemovedComponents: []
  m_SourcePrefab: {fileID: 100100000, guid: 78ddce055a2f9a84297e82c7066d8d25, type: 2}
  m_IsPrefabAsset: 0
--- !u!1001 &1650016145
Prefab:
  m_ObjectHideFlags: 0
  serializedVersion: 2
  m_Modification:
    m_TransformParent: {fileID: 1865047544}
    m_Modifications:
    - target: {fileID: 4082104216221762, guid: 2cd6a2a44451aa244a863a14f93aa70b, type: 2}
      propertyPath: m_LocalPosition.x
      value: 6.0462437
      objectReference: {fileID: 0}
    - target: {fileID: 4082104216221762, guid: 2cd6a2a44451aa244a863a14f93aa70b, type: 2}
      propertyPath: m_LocalPosition.y
      value: 0.67
      objectReference: {fileID: 0}
    - target: {fileID: 4082104216221762, guid: 2cd6a2a44451aa244a863a14f93aa70b, type: 2}
      propertyPath: m_LocalPosition.z
      value: 11.859322
      objectReference: {fileID: 0}
    - target: {fileID: 4082104216221762, guid: 2cd6a2a44451aa244a863a14f93aa70b, type: 2}
      propertyPath: m_LocalRotation.x
      value: -0
      objectReference: {fileID: 0}
    - target: {fileID: 4082104216221762, guid: 2cd6a2a44451aa244a863a14f93aa70b, type: 2}
      propertyPath: m_LocalRotation.y
      value: -0.7071068
      objectReference: {fileID: 0}
    - target: {fileID: 4082104216221762, guid: 2cd6a2a44451aa244a863a14f93aa70b, type: 2}
      propertyPath: m_LocalRotation.z
      value: -0
      objectReference: {fileID: 0}
    - target: {fileID: 4082104216221762, guid: 2cd6a2a44451aa244a863a14f93aa70b, type: 2}
      propertyPath: m_LocalRotation.w
      value: 0.7071068
      objectReference: {fileID: 0}
    - target: {fileID: 4082104216221762, guid: 2cd6a2a44451aa244a863a14f93aa70b, type: 2}
      propertyPath: m_RootOrder
      value: 6
      objectReference: {fileID: 0}
    - target: {fileID: 4082104216221762, guid: 2cd6a2a44451aa244a863a14f93aa70b, type: 2}
      propertyPath: m_LocalScale.x
      value: 0.36480007
      objectReference: {fileID: 0}
    - target: {fileID: 4082104216221762, guid: 2cd6a2a44451aa244a863a14f93aa70b, type: 2}
      propertyPath: m_LocalScale.z
      value: 0.36480007
      objectReference: {fileID: 0}
    m_RemovedComponents: []
  m_SourcePrefab: {fileID: 100100000, guid: 2cd6a2a44451aa244a863a14f93aa70b, type: 2}
  m_IsPrefabAsset: 0
--- !u!1 &1756786598
GameObject:
  m_ObjectHideFlags: 0
  m_CorrespondingSourceObject: {fileID: 0}
  m_PrefabInternal: {fileID: 0}
  serializedVersion: 6
  m_Component:
  - component: {fileID: 1756786600}
  - component: {fileID: 1756786599}
  m_Layer: 0
  m_Name: Directional Light
  m_TagString: Untagged
  m_Icon: {fileID: 0}
  m_NavMeshLayer: 0
  m_StaticEditorFlags: 0
  m_IsActive: 1
--- !u!108 &1756786599
Light:
  m_ObjectHideFlags: 0
  m_CorrespondingSourceObject: {fileID: 0}
  m_PrefabInternal: {fileID: 0}
  m_GameObject: {fileID: 1756786598}
  m_Enabled: 1
  serializedVersion: 8
  m_Type: 1
  m_Color: {r: 1, g: 0.95686275, b: 0.8392157, a: 1}
  m_Intensity: 1
  m_Range: 10
  m_SpotAngle: 30
  m_CookieSize: 10
  m_Shadows:
    m_Type: 2
    m_Resolution: -1
    m_CustomResolution: -1
    m_Strength: 1
    m_Bias: 0.05
    m_NormalBias: 0.4
    m_NearPlane: 0.2
  m_Cookie: {fileID: 0}
  m_DrawHalo: 0
  m_Flare: {fileID: 0}
  m_RenderMode: 0
  m_CullingMask:
    serializedVersion: 2
    m_Bits: 4294967295
  m_Lightmapping: 4
  m_LightShadowCasterMode: 0
  m_AreaSize: {x: 1, y: 1}
  m_BounceIntensity: 1
  m_ColorTemperature: 6570
  m_UseColorTemperature: 0
  m_ShadowRadius: 0
  m_ShadowAngle: 0
--- !u!4 &1756786600
Transform:
  m_ObjectHideFlags: 0
  m_CorrespondingSourceObject: {fileID: 0}
  m_PrefabInternal: {fileID: 0}
  m_GameObject: {fileID: 1756786598}
  m_LocalRotation: {x: 0.40821788, y: -0.23456968, z: 0.10938163, w: 0.8754261}
  m_LocalPosition: {x: 0, y: 3, z: 0}
  m_LocalScale: {x: 1, y: 1, z: 1}
  m_Children: []
  m_Father: {fileID: 0}
  m_RootOrder: 2
  m_LocalEulerAnglesHint: {x: 50, y: -30, z: 0}
--- !u!1 &1865047543 stripped
GameObject:
  m_CorrespondingSourceObject: {fileID: 1397555344670786, guid: 78ddce055a2f9a84297e82c7066d8d25,
    type: 2}
  m_PrefabInternal: {fileID: 791940284}
--- !u!4 &1865047544 stripped
Transform:
  m_CorrespondingSourceObject: {fileID: 4667217053762012, guid: 78ddce055a2f9a84297e82c7066d8d25,
    type: 2}
  m_PrefabInternal: {fileID: 791940284}
--- !u!114 &1865047545
MonoBehaviour:
  m_ObjectHideFlags: 0
  m_CorrespondingSourceObject: {fileID: 0}
  m_PrefabInternal: {fileID: 0}
  m_GameObject: {fileID: 1865047543}
  m_Enabled: 1
  m_EditorHideFlags: 0
  m_Script: {fileID: 11500000, guid: 9a392c440f2c4ed4c84bed20315152db, type: 3}
  m_Name: 
  m_EditorClassIdentifier: 
  isCheckpoint: 0
  spawnPoint: {fileID: 542587913}
  roomNumber: 0
--- !u!1001 &1893915998
Prefab:
  m_ObjectHideFlags: 0
  serializedVersion: 2
  m_Modification:
    m_TransformParent: {fileID: 0}
    m_Modifications:
    - target: {fileID: 4229264400066812, guid: d38b2a3beb7848c44812ad39216f85f4, type: 2}
      propertyPath: m_LocalPosition.x
      value: -1.1179813
      objectReference: {fileID: 0}
    - target: {fileID: 4229264400066812, guid: d38b2a3beb7848c44812ad39216f85f4, type: 2}
      propertyPath: m_LocalPosition.y
      value: 1.088641
      objectReference: {fileID: 0}
    - target: {fileID: 4229264400066812, guid: d38b2a3beb7848c44812ad39216f85f4, type: 2}
      propertyPath: m_LocalPosition.z
      value: -2.5673342
      objectReference: {fileID: 0}
    - target: {fileID: 4229264400066812, guid: d38b2a3beb7848c44812ad39216f85f4, type: 2}
      propertyPath: m_LocalRotation.x
      value: 0
      objectReference: {fileID: 0}
    - target: {fileID: 4229264400066812, guid: d38b2a3beb7848c44812ad39216f85f4, type: 2}
      propertyPath: m_LocalRotation.y
      value: 0
      objectReference: {fileID: 0}
    - target: {fileID: 4229264400066812, guid: d38b2a3beb7848c44812ad39216f85f4, type: 2}
      propertyPath: m_LocalRotation.z
      value: 0
      objectReference: {fileID: 0}
    - target: {fileID: 4229264400066812, guid: d38b2a3beb7848c44812ad39216f85f4, type: 2}
      propertyPath: m_LocalRotation.w
      value: 1
      objectReference: {fileID: 0}
    - target: {fileID: 4229264400066812, guid: d38b2a3beb7848c44812ad39216f85f4, type: 2}
      propertyPath: m_RootOrder
      value: 4
      objectReference: {fileID: 0}
    m_RemovedComponents: []
  m_SourcePrefab: {fileID: 100100000, guid: d38b2a3beb7848c44812ad39216f85f4, type: 2}
  m_IsPrefabAsset: 0
--- !u!1 &2028521975
GameObject:
  m_ObjectHideFlags: 0
  m_CorrespondingSourceObject: {fileID: 0}
  m_PrefabInternal: {fileID: 0}
  serializedVersion: 6
  m_Component:
  - component: {fileID: 2028521978}
  - component: {fileID: 2028521977}
  - component: {fileID: 2028521976}
  m_Layer: 0
  m_Name: Managers
  m_TagString: Untagged
  m_Icon: {fileID: 0}
  m_NavMeshLayer: 0
  m_StaticEditorFlags: 0
  m_IsActive: 1
--- !u!114 &2028521976
MonoBehaviour:
  m_ObjectHideFlags: 0
  m_CorrespondingSourceObject: {fileID: 0}
  m_PrefabInternal: {fileID: 0}
  m_GameObject: {fileID: 2028521975}
  m_Enabled: 1
  m_EditorHideFlags: 0
  m_Script: {fileID: 11500000, guid: d80d0ca72239dca4a9f6834ed3a79de8, type: 3}
  m_Name: 
  m_EditorClassIdentifier: 
  _rooms:
  - {fileID: 1865047545}
--- !u!114 &2028521977
MonoBehaviour:
  m_ObjectHideFlags: 0
  m_CorrespondingSourceObject: {fileID: 0}
  m_PrefabInternal: {fileID: 0}
  m_GameObject: {fileID: 2028521975}
  m_Enabled: 1
  m_EditorHideFlags: 0
  m_Script: {fileID: 11500000, guid: 326e9face10771c49a60276debbb364c, type: 3}
  m_Name: 
  m_EditorClassIdentifier: 
--- !u!4 &2028521978
Transform:
  m_ObjectHideFlags: 0
  m_CorrespondingSourceObject: {fileID: 0}
  m_PrefabInternal: {fileID: 0}
  m_GameObject: {fileID: 2028521975}
  m_LocalRotation: {x: 0, y: 0, z: 0, w: 1}
  m_LocalPosition: {x: 2.2779756, y: 0.035990626, z: -0.68835884}
  m_LocalScale: {x: 1, y: 1, z: 1}
  m_Children: []
  m_Father: {fileID: 0}
  m_RootOrder: 3
  m_LocalEulerAnglesHint: {x: 0, y: 0, z: 0}
